2506 3862
446 233 704 288 EPISTULARUM
721 234 760 288 IV
779 240 803 287 9.
1088 235 1128 298 91

117 399 164 461 ita
196 401 317 461 erectos
350 397 474 461 animos
507 401 649 481 senatus,
686 398 732 461 ita
762 402 919 482 recentes,
954 402 992 462 ut
1023 399 1130 482 priore

117 487 243 551 actione
266 486 391 549 incitati
414 487 517 571 magis
537 508 633 569 qnam
653 487 760 550 satiati
778 487 969 551 viderentur.
1000 486 1130 553 Succes-
1150 503 1184 550 13

117 577 161 640 sit
174 575 256 639 mihi
268 574 423 639 Lucceius
437 573 575 639 Albinus
590 578 657 638 tam
676 579 759 658 apte,
773 579 810 639 ut
829 577 988 640 orationes
1002 581 1130 640 nostrae

117 665 305 728 varietatem
329 664 473 747 duarum,
497 667 683 728 contextum
707 665 802 728 unius
825 664 975 729 habuisse
994 666 1131 729 credan-

88 758 179 820 stur.
202 752 396 836 ⁴Respondit
418 751 600 817 Herennius
622 752 727 817 Pollio
752 754 909 817 instanter
932 759 964 818 et
983 755 1131 839 graviter,
1151 770 1185 816 14

117 842 231 906 deinde
255 841 465 925 Theophanes
487 850 606 905 rursus.
643 840 733 905 Fecit
756 843 840 906 enim
863 842 926 906 hoc
949 864 1077 925 quoqne
1095 847 1132 906 ut

117 936 222 995 cetera
245 931 519 1014 inpudentissime,
543 930 629 1013 quod
652 934 726 1014 post
749 931 829 996 duos
848 935 880 994 et
899 932 1080 995 consulares
1100 935 1132 994 et

117 1021 254 1085 disertos
277 1024 404 1103 tempus
428 1019 491 1084 sibi
510 1023 542 1083 et
561 1019 690 1102 quidem
709 1021 814 1084 laxius
832 1021 1016 1084 vindicavit.
1040 1019 1132 1084 Dixit

117 1110 152 1172 in
174 1112 302 1172 noctem
326 1113 422 1192 atque
446 1109 543 1172 etiam
566 1111 661 1172 nocte
684 1109 792 1173 inlatis
814 1110 961 1174 lucernis.
997 1109 1131 1173 Postero
1152 1123 1185 1171 15

75 1199 169 1265 1odie
193 1201 327 1283 egerunt
349 1219 407 1280 pro
431 1196 531 1261 Basso
555 1196 660 1260 Titius
683 1196 856 1262 Homullus
880 1202 912 1262 et
930 1197 1050 1262 Fronto
1074 1198 1133 1260 mi-

117 1288 220 1371 rifice3
244 1289 393 1370 quartum
417 1286 501 1349 diem
525 1286 730 1369 probationes
755 1291 959 1371 occuparunt.
1001 1285 1133 1351 Censuit
1154 1302 1185 1349 16

117 1376 256 1440 Baebius
279 1375 395 1458 Macer,
423 1376 536 1439 consul
564 1375 758 1460 designatus,
785 1377 857 1460 lege
883 1376 1132 1460 repetundarum

118 1466 254 1529 Bassum
282 1465 392 1548 teneri,
420 1462 537 1547 Caepio
566 1462 669 1547 Hispo
703 1466 790 1529 salva
823 1464 979 1550 dignitate
1011 1465 1131 1529 iudices

119 1554 254 1637 dandos,
286 1556 420 1636 uterque
452 1556 546 1617 recte.
593 1551 671 1629 ‘Qui
698 1554 768 1617 fieri
792 1553 916 1636 potest'
945 1555 1052 1637 inquis
1080 1553 1133 1616 tnt
1153 1568 1185 1616 17

78 1671 105 1710 15
120 1647 255 1725 uterque
273 1645 367 1725 recte,
391 1662 464 1705 cum
487 1645 554 1705 tam
574 1642 699 1705 diversa
718 1641 939 1706 censuerint‘?'
974 1641 1056 1717 Quia
1075 1643 1133 1706 sci-

119 1733 197 1796 licet
220 1735 252 1794 et
274 1730 383 1794 Macro
406 1733 511 1815 legem
536 1731 675 1794 intuenti
698 1734 947 1794 consentaneum
965 1731 1028 1794 fuit
1048 1731 1134 1794 dam-

117 1843 194 1884 nare
232 1842 318 1903 eum,
355 1820 411 1902 qui
448 1822 559 1882 contra
590 1821 695 1904 legem
727 1841 860 1883 munera
891 1823 1069 1902 acceperat,
1102 1822 1134 1882 et

119 1908 237 1993 Caepio
243 1959 252 1992 ,
276 1929 349 1971 cum
372 1911 501 1992 putaret
525 1908 620 1970 licere
644 1909 778 1991 senatui,
802 1909 886 1972 sicut
907 1909 998 1991 licet,
1021 1911 1053 1971 et
1076 1907 1134 1970 mi·

119 2000 222 2084 tigare
236 1999 324 2081 leges
344 2000 376 2060 et
394 1996 567 2080 intendere,
586 2018 653 2060 non
671 1998 739 2061 sine
757 1998 882 2062 ratione
900 1998 1027 2061 veniam
1047 1997 1135 2060 dedit

77 2114 104 2154 eo
117 2088 204 2151 facto
228 2087 329 2149 vetito
354 2086 493 2170 quidem,
519 2107 586 2149 non
609 2089 717 2149 tamen
743 2087 905 2150 inusitato.
951 2086 1134 2150 Praevaluit
1154 2100 1186 2147 18

119 2176 278 2240 sententia
302 2172 479 2257 Caepionis,
502 2175 581 2257 quin
603 2176 702 2239 immo
728 2176 934 2260 consurgenti
952 2176 981 2238 ei
1000 2175 1040 2238 ad
1064 2196 1135 2239 cen-

120 2265 254 2329 sendum
278 2262 491 2326 adclamatum
515 2267 572 2346 est,
596 2263 683 2346 quod
711 2266 792 2328 solet
815 2264 1037 2327 residentibus.
1082 2262 1135 2325 Ex

119 2376 184 2437 quo
212 2355 304 2436 potes
333 2352 514 2435 aestimare,
545 2356 665 2435 quanto
696 2374 852 2416 consensu
883 2354 926 2416 sit
956 2355 1135 2434 exceptum,

121 2465 194 2506 cum
218 2443 350 2524 diceret,
378 2441 464 2523 quod
491 2444 558 2504 tam
581 2441 757 2505 favorabile
784 2441 861 2524 fuit,
890 2462 963 2504 cum
992 2441 1134 2503 dicturus

79 2532 291 2598 irrideretur.
333 2528 415 2593 Sunt
438 2532 547 2593 tamen
568 2533 606 2592 ut
629 2531 663 2593 in
686 2533 798 2595 senatu
822 2531 868 2593 ita
890 2532 925 2592 in
948 2529 1077 2593 civitate
1101 2529 1135 2592 in
1154 2544 1187 2591 19

122 2620 201 2682 duas
233 2623 339 2703 partes
372 2618 540 2681 hominum
572 2618 691 2682 iudicia
723 2620 833 2683 divisa.
885 2617 985 2701 Nam,
1018 2617 1134 2700 quibus

122 2709 280 2773 sententia
303 2706 473 2790 Caepionis
496 2708 627 2789 placuit,
655 2709 845 2772 sententiam
869 2707 970 2770 Macri
997 2710 1035 2770 ut
1060 2707 1136 2792 rigi-

121 2798 196 2861 dam
220 2797 395 2879 duramque
423 2794 673 2880 reprehendunt3
702 2797 818 2879 quibus
841 2796 952 2878 Macri,
979 2796 1069 2860 illam
1092 2797 1136 2859 al-

121 2891 223 2951 teram
247 2886 437 2948 dissolutam
462 2887 558 2966 atque
586 2885 682 2948 etiam
713 2886 977 2971 incongruentem
1006 2888 1135 2967 vocant,

80 2978 242 3060 abnegant
272 2974 357 3037 enim
388 2993 567 3058 congruens
597 2995 665 3038 esse
697 2975 834 3038 retinere
864 2976 899 3037 in
928 2977 1054 3056 senatu,
1085 2974 1137 3036 eui

122 3065 243 3128 iudices
278 3062 410 3126 dederis.
463 3061 541 3125 Fuit
573 3065 605 3125 et
641 3063 736 3126 tertia
766 3064 931 3127 sententia.
987 3061 1135 3126 Valerius
1155 3076 1189 3123 20

122 3153 277 3217 Paulinus
303 3150 455 3214 adsensus
479 3148 633 3234 Caepioni
654 3150 717 3214 hoc
745 3153 882 3235 amplius
911 3152 1035 3215 censuit
1057 3152 1136 3214 refe-

122 3240 258 3306 rendum
288 3239 326 3303 de
354 3238 562 3323 Theophane,
591 3261 663 3303 cum
693 3242 887 3325 legationem
914 3241 1136 3303 renuntiasset.

197 3403 230 3451 10
249 3396 341 3450 Titius
359 3395 439 3449 Hom.
461 3398 499 3450 M
507 3398 564 3462 Vs,
579 3397 648 3462 K.I,
667 3396 721 3450 Tit.
739 3414 789 3450 om.
808 3398 874 3461 rell,
893 3398 979 3451 Κ.ΙΙ.
1054 3401 1086 3448 14
1104 3397 1137 3449 ut

123 3474 242 3538 uterque
260 3470 336 3523 reete
356 3470 394 3522 M
402 3469 433 3533 V,
451 3469 511 3522 secl.
525 3468 616 3533 K.II,
636 3483 686 3522 om.
702 3469 808 3535 From,
823 3469 891 3522 Κ.Ι.
943 3473 976 3520 15
996 3484 1059 3520 eum
1077 3469 1137 3520 tam

124 3539 477 3682 Mv'disepimlbmibwm’
492 3540 578 3605 K.II,
593 3555 644 3593 om.
659 3541 696 3592 M
704 3541 734 3604 V,
749 3540 825 3606 K.I;
838 3541 873 3606 cf.
888 3538 1021 3609 Stunplp.
1032 3543 1140 3604 672su,
