2506 3862
593 216 621 271 C.
640 216 738 270 PLINI

339 561 375 636 c.
402 562 536 635 mnu
564 562 752 636 01110111
766 505 987 635 'saeuum

308 723 350 822 Ε
377 723 417 822 Ρ
443 722 468 822 Ι
497 720 529 823 S
558 722 595 821 Τ
621 723 664 822 U
690 722 729 821 L
757 719 805 821 A
832 721 874 820 R
899 721 943 820 U
969 721 1019 820 M

506 931 638 997 LIBER
660 930 820 997 NONUS.

652 1169 675 1231 I.

418 1269 445 1317 0.
469 1270 607 1318 numius
631 1270 770 1317 unxmo
795 1269 861 1318 suo
885 1269 911 1317 s
1199 1279 1211 1318 s

122 1377 135 1424 1
224 1358 325 1443 Saepe
347 1363 379 1424 te
402 1361 527 1443 monui,
549 1365 586 1425 ut
608 1360 722 1444 libros,
746 1381 826 1443 quos
848 1361 900 1424 vel
922 1381 981 1443 pro
1004 1363 1036 1423 te
1060 1360 1113 1424 vel
1136 1359 1172 1423 in

155 1448 313 1532 Plantam,
336 1450 435 1514 immo
455 1454 487 1514 et
505 1471 564 1534 pro
587 1454 619 1514 te
638 1451 722 1514 etin
740 1450 833 1513 iilum
853 1446 914 1534 (ita
931 1449 1017 1513 enim
1036 1449 1171 1513 materia

156 1535 305 1625 cogebat)
343 1539 568 1623 composuisti,
609 1561 705 1623 quam
742 1538 957 1603 matumssime
994 1538 1171 1621 emitteres,

156 1628 243 1710 quod
265 1650 351 1692 nuno
378 1629 547 1712 praecipue
575 1632 678 1692 morte
711 1629 779 1692 eius
807 1627 916 1692 audita
943 1630 975 1691 et
1002 1627 1115 1691 hortor
1138 1632 1170 1692 et

120 1734 136 1782 a
156 1739 279 1782 moneo.
321 1715 473 1794 Quamvis
496 1717 582 1782 enim
604 1717 720 1803 legeris
744 1717 854 1781 multis
876 1716 1093 1801 legendosque
1117 1715 1169 1780 de·
1184 1741 1210 1780 10

156 1806 249 1890 deris,
270 1808 347 1871 nolo
370 1811 478 1871 tamen
502 1829 695 1891 quemquam
720 1807 844 1890 opinari
867 1805 1019 1870 defuncto
1038 1805 1168 1869 demum

120 1912 135 1959 3
155 1896 337 1978 inchoatos,
366 1918 446 1978 quos
474 1897 629 1961 incolumi
652 1917 689 1960 eo
717 1894 878 1980 peregisti.
925 1892 1020 1958 Salva
1042 1895 1085 1958 sit
1107 1894 1169 1958 tibi

156 1984 354 2048 constantiae
371 1984 466 2048 fama.
495 1982 568 2049 Erit
586 1988 704 2068 autem,
721 1985 755 2048 ni
773 1989 888 2048 notum
907 1984 1016 2066 eequis
1035 1983 1168 2066 iniquis-

155 2093 217 2154 que
240 2073 338 2136 fuerit
360 2094 426 2136 non
448 2078 523 2157 post
545 2074 668 2139 inimici
691 2077 829 2137 moitem
853 2073 1012 2137 scribendi
1034 2072 1096 2136 tibi
1113 2095 1168 2136 na-

154 2164 221 2224 tam
245 2183 313 2226 esse
336 2161 500 2246 fiduciam,
528 2163 584 2227 sed
606 2162 670 2226 iem
693 2166 838 2245 paratam
868 2162 1041 2226 editionem
1065 2165 1168 2226 morte
1183 2185 1209 2228 15

154 2254 368 2333 praeventam.
415 2249 519 2315 Simul
547 2252 665 2315 vitabis
694 2251 775 2314 illud
804 2250 889 2335 ‘cdx
912 2250 1000 2333 ὁσίη
1028 2249 1168 2335 φθιμέ-

118 2340 307 2404 4νοισιν’.
344 2338 445 2423 Nam,
468 2340 555 2424 quod
578 2340 617 2404 de
639 2341 767 2405 vivente
791 2340 955 2424 scriptum,
979 2339 1017 2403 de
1040 2340 1168 2403 vivente

154 2429 323 2493 recitatum
343 2433 400 2512 est,
422 2429 457 2493 in
477 2430 663 2493 defunctum
682 2451 810 2512 quoque
823 2434 988 2512 tamquam
1006 2429 1167 2492 viventem

155 2517 259 2582 adhuc
282 2518 395 2603 editur,
419 2519 446 2582 si
470 2519 574 2584 editur
598 2519 715 2583 statim.
745 2517 857 2603 Igitur,
881 2517 1004 2601 siquid
1027 2517 1167 2581 aliudin

154 2607 316 2689 manibus,
344 2607 436 2672 differ
458 2608 597 2691 interim,
623 2606 686 2671 hoc
708 2608 837 2692 perfice,
868 2607 954 2690 quod
976 2607 1079 2690 nobis,
1110 2607 1167 2689 qui
1181 2631 1208 2670 so

154 2697 301 2781 legimus,
325 2697 403 2760 olim
427 2697 611 2762 absolutum
634 2697 768 2761 videtur.
802 2695 865 2760 Sed
883 2697 947 2760 iam
966 2696 1113 2759 videatur
1135 2701 1168 2760 et

154 2785 223 2867 tibi,
247 2786 336 2849 cuius
361 2788 596 2851 cunctationem
619 2808 678 2850 nec
699 2808 751 2850 res
773 2785 843 2869 ipsa
862 2785 1019 2849 desiderat
1038 2789 1070 2848 et
1087 2789 1167 2848 tem-

153 2874 242 2957 poris
266 2874 349 2937 ratio
372 2876 535 2959 praecidit.
581 2873 671 2940 Vale.

641 3040 679 3101 Π.

418 3138 446 3186 0.
469 3140 608 3188 pamma
633 3141 757 3189 suamc
782 3140 847 3188 suo
872 3139 899 3187 s,
1180 3146 1207 3187 a

120 3245 133 3291 1
220 3226 312 3292 Facis
335 3228 487 3313 iucunde,
510 3230 597 3314 quod
619 3253 685 3296 non
708 3232 813 3295 solum
835 3229 990 3314 plurimas
1013 3230 1166 3313 epistulas

153 3340 250 3402 meas,
272 3340 383 3382 verum
408 3318 504 3383 etiam
522 3320 727 3406 longissimas
745 3319 885 3404 flagitas3
908 3319 942 3382 in
961 3319 1077 3402 quibus
1096 3341 1166 3402 par-

153 3427 158 3431 ’
216 3463 256 3510 12
275 3457 414 3512 incolomi
432 3459 476 3526 M,
496 3459 566 3515 1111.
659 3457 1054 3524 masmanna-
1083 3459 1164 3512 nom.

118 3530 218 3588 lm.
330 3536 368 3584 17
397 3531 433 3586 de
453 3533 506 3588 viv.
528 3532 610 3590 recit.
633 3551 665 3602 a,
684 3532 766 3587 ΚΠ
780 3531 865 3600 (dap.
876 3530 960 3597 117),
981 3544 1034 3582 oo.
1051 3529 1174 3593 mnne,

69 3626 75 3635 ·
106 3591 188 3644 KZ
264 3605 305 3654 20
324 3603 388 3661 diff
408 3606 497 3663 inter.
520 3609 667 3681 Drpga,
685 3606 744 3662 int.
762 3601 827 3659 diii.
849 3603 895 3668 M,
909 3600 948 3654 K.
