2506 3862
135 230 200 295 248
570 227 597 282 C.
617 227 714 281 PIXNI

136 393 228 456 detur
250 392 339 477 ipsis,
361 414 427 457 non
450 391 527 457 satis
551 392 714 475 temporis,
738 413 875 474 quorum
901 391 982 455 mihi
1006 395 1149 477 agrestes

136 482 295 565 querellae
321 483 444 546 litteras
472 485 597 546 nostras
626 484 658 546 et
684 482 764 545 haee
790 481 913 544 urbana
941 503 1037 564 opera
1063 502 1151 545 com-

136 571 295 636 mendant.
341 570 429 635 Vale.

568 682 716 740 XXXVII.

389 782 756 831 (1.111111111111110
781 782 846 830 suo
871 782 897 830 s.

100 891 115 939 1
201 872 270 938 Nec
293 877 366 937 tuae
389 876 521 937 naturae
545 876 593 936 est
613 872 811 936 translaticia
832 873 912 937 haee
931 876 962 936 et
981 871 1072 956 quasi
1091 895 1150 955 pu-

136 963 220 1027 bliea
244 963 351 1027 officia
373 985 392 1026 a
409 961 621 1026 familiaribus
641 962 751 1026 amieis
771 965 882 1025 contra
900 961 1044 1045 ipsorum
1064 982 1151 1025 com-

136 1052 268 1116 modum
297 1051 431 1135 exigere,
459 1054 491 1115 et
519 1072 578 1136 ego
606 1054 638 1115 te
662 1051 859 1115 constantius
886 1072 968 1134 amc,
991 1072 1089 1134 quam
1111 1053 1151 1114 ut

135 1163 253 1224 verear,
279 1162 320 1203 ne
348 1140 448 1222 aliter,
476 1161 514 1204 ae
541 1140 648 1223 velim,
675 1140 822 1224 accipias,
848 1140 912 1204 nisi
943 1143 975 1204 te
1003 1139 1150 1203 kalendis

136 1230 245 1293 statim
269 1230 432 1293 consulem
456 1229 574 1313 videro,
596 1230 783 1312 praesertim
808 1251 881 1293 eum
902 1251 953 1293 me
976 1229 1150 1293 necessitas
1166 1253 1192 1293 1⁰

135 1318 347 1383 locandorum,
380 1317 582 1401 praediorum
619 1319 655 1381 ia
689 1319 797 1401 plures
831 1339 930 1382 annos
964 1317 1151 1382 ordinatura

136 1407 277 1470 detineat
283 1456 292 1489 ,
323 1406 357 1488 in
390 1429 453 1490 qua
484 1407 565 1471 mihi
596 1429 680 1471 nova
713 1407 847 1471 consilia
879 1407 1033 1471 sumenda
1065 1411 1150 1471 sunt.

100 1510 116 1558 2
135 1494 221 1560 Nam
239 1496 345 1580 priore
362 1497 474 1580 lustr0,
489 1517 682 1578 quamquam
697 1499 771 1579 post
785 1517 918 1581 magnas
936 1496 1150 1579 remissiones,

135 1585 259 1668 reliqua
283 1588 457 1650 creverunt.
503 1582 582 1648 Inde
604 1585 764 1668 plerisque
787 1587 876 1649 nulla
904 1586 967 1649 iam
993 1606 1068 1649 eura
1091 1585 1150 1648 mi-

135 1675 256 1739 nuendi
279 1676 360 1738 aeris
384 1674 489 1757 alieni,
512 1674 599 1757 quod
617 1674 787 1757 desperant
809 1696 902 1757 posse
925 1675 1079 1758 persolvi3
1102 1696 1151 1737 ra·
1166 1697 1192 1738 15

135 1763 230 1847 piunt
258 1764 355 1828 etiam
384 1766 652 1847 consumuntque,
681 1763 767 1846 quod
793 1767 905 1827 natum
934 1768 996 1847 est,
1027 1767 1064 1828 ut
1094 1763 1151 1845 qui

100 1854 200 1917 ciam
228 1856 343 1936 putent
371 1875 405 1916 se
431 1873 498 1915 non
526 1852 587 1915 sibi
614 1874 751 1936 parcere.
802 1851 1040 1917 Occurrendum
1073 1874 1150 1938 ergo

136 1942 381 2026 augescentibus
409 1941 496 2004 vitiis
525 1944 556 2004 et
585 1942 777 2005 medendum
808 1945 863 2006 est.
909 1941 1059 2005 Medendi
1085 1963 1151 2005 una

135 2031 232 2113 ratic,
260 2031 287 2094 si
313 2051 380 2093 non
406 2051 554 2113 numme,
582 2030 637 2094 sed
664 2032 809 2114 partibus
836 2032 940 2094 locem
969 2052 1006 2094 ac
1036 2030 1151 2094 deinde

137 2141 176 2182 ex
207 2119 287 2183 meis
320 2119 444 2201 aliquos
477 2119 581 2201 operis
614 2123 777 2184 exactores
811 2119 957 2183 custodes
989 2119 1149 2184 fructibus
1164 2144 1191 2183 1ο

135 2228 262 2291 ponam.
298 2207 343 2271 Et
362 2207 482 2290 alioqui
500 2208 626 2271 nullum
649 2208 764 2272 iustius
784 2231 884 2294 genus
902 2209 1033 2292 reditus,
1052 2231 1149 2292 quam

99 2296 223 2380 4quod
255 2299 347 2380 terra,
380 2297 512 2381 eaelum,
545 2319 645 2360 annus
678 2297 782 2361 refert.
828 2295 873 2361 At
904 2298 966 2361 hoe
998 2319 1150 2384 magnam

137 2385 244 2469 fidem,
267 2385 348 2449 acris
373 2386 493 2468 oculos,
515 2407 701 2450 numerosas
725 2409 838 2450 manus
861 2386 974 2470 poscit.
1015 2385 1150 2469 Experi-

136 2475 258 2539 undum
282 2477 390 2537 tamen
414 2477 446 2538 et
469 2475 560 2557 quasi
583 2475 617 2537 in
635 2475 736 2539 veteri
758 2476 871 2540 morbo
896 2475 1057 2558 quaelibet
1080 2499 1149 2539 mu-

102 2563 268 2627 5tationis
302 2563 421 2626 auxilia
452 2564 638 2646 temptanda
671 2568 753 2628 sunt.
808 2563 921 2647 Vides,
954 2586 1049 2647 quam
1082 2586 1150 2629 non
1163 2589 1190 2629 ss

138 2653 273 2716 delicata
300 2674 351 2716 me
380 2673 475 2716 eausa
503 2652 591 2717 obire
617 2653 758 2736 primum
785 2655 969 2718 consulatus
992 2654 1040 2717 tui
1064 2653 1149 2717 diem

136 2763 202 2805 non
226 2741 323 2824 sinat3
347 2763 442 2824 quem
465 2744 574 2805 tamen
595 2742 650 2806 hie
669 2764 796 2826 quoque
818 2746 856 2806 ut
882 2765 1031 2826 praesens
1054 2743 1150 2827 votis,

138 2830 266 2914 gaudio,
288 2831 503 2915 gratulatione
528 2831 702 2895 celebrabo,
748 2831 837 2895 Vale.

560 2995 725 3054 XXXVHI.

368 3094 396 3142 c.
419 3094 558 3143 PLINIUS
582 3095 779 3144 1111111110
804 3096 869 3144 suo
894 3096 920 3145 s.
1162 3105 1190 3146 ao

203 3183 275 3269 Ego
299 3207 374 3248 vero
397 3183 519 3249 Rufum
541 3190 688 3250 nostrum
710 3187 816 3271 laudo,
842 3208 909 3251 non
936 3187 1011 3270 quia
1038 3190 1083 3270 tu,
1110 3190 1148 3251 ut

137 3272 183 3336 ita
205 3272 352 3356 facerem,
374 3274 494 3357 petisti,
517 3275 571 3339 sed
591 3276 666 3359 quia
685 3280 734 3339 est
751 3275 806 3339 ille
825 3276 1039 3361 dignissimus.
1067 3275 1148 3362 Legi

138 3363 223 3426 enim
245 3363 365 3426 librum
390 3363 538 3427 omnibus
561 3364 702 3429 numeris
725 3365 918 3448 absolutum,
938 3366 989 3428 eui
1007 3366 1147 3429 multum

185 3542 223 3587 11
242 3536 274 3590 in
294 3539 362 3594 add.
384 3557 456 3597 mus.
478 3541 533 3600 Bt.
551 3545 661 3613 18651)
664 3544 732 3597 ,157
754 3543 842 3609 (ouo
837 3537 1048 3593 lusesinann
1061 3538 1091 3604 2.)

93 3602 137 3650 23
153 3606 304 3680 aerisrs
319 3612 361 3668 K
367 3615 414 3684 II
437 3615 535 3673 aereis
552 3636 580 3688 a,
594 3558 674 3673 aeris
692 3615 759 3686 Dp,
770 3627 853 3669 aeres
868 3611 939 3665 XX
968 3609 1014 3662 Ad
1030 3611 1169 3675 11128
