2506 3862
141 218 206 281 322
575 215 721 270 6111111
786 173 789 185 ’

105 398 121 444 l
142 381 291 464 quodque
308 380 528 466 gratissimum
548 384 596 444 est
614 380 856 464 accipientibus,
876 380 981 444 sciunt
999 378 1068 443 dari
1084 380 1157 463 sibi,

141 470 228 554 quod
250 470 371 534 nemini
397 473 446 533 est
469 473 623 553 ereptum,
650 470 920 553 locupletatisque
948 474 1014 533 tam
1042 470 1155 533 multis

140 560 363 643 pauperiorem
383 581 451 622 esse
469 558 591 622 factum
605 558 783 642 principem
798 562 939 643 tantum3
959 581 1155 642 quamquam

140 671 181 712 ne
199 650 286 712 hunc
301 648 441 732 quidem.
473 646 567 730 Nam,
582 647 671 712 ouius
691 652 748 730 est,
763 647 918 731 quidquid
938 652 987 711 est
1001 648 1156 729 omnium,

141 741 267 801 tantum
290 737 360 820 ipse
384 740 539 820 quantum
564 759 674 800 omnes
697 737 801 800 habet.
1185 763 1199 802 5

89 825 134 891 28
207 825 282 890 Alio
306 848 358 890 me
380 830 475 890 vocat
498 848 669 890 numerosa
692 826 794 911 gloria
816 829 881 889 tua.
925 824 999 889 Alio
1024 826 1156 889 autem?

142 917 331 1000 quasivero
355 915 419 978 iam
444 916 520 978 satis
548 919 716 979 veneratus
744 915 942 997 miratusque
970 914 1040 997 sim,
1068 914 1156 997 quod

141 1009 263 1068 tantam
292 1005 460 1088 pecuniam
488 1004 670 1087 profudisti,
697 1025 763 1068 non
790 1007 827 1067 ut
856 1003 973 1088 flagitii
996 1003 1058 1067 tibi
1082 1025 1156 1067 con-

141 1094 226 1159 scius
250 1094 291 1157 ab
314 1092 525 1156 insectatione
548 1094 616 1156 eius
640 1097 797 1157 averteres
820 1093 949 1175 famam,
967 1113 1026 1156 nec
1044 1097 1080 1156 ut
1099 1094 1155 1156 tri-

142 1188 205 1246 stes
233 1182 401 1246 hominum
434 1185 636 1265 maestosque
669 1203 831 1246 sermones
858 1181 990 1246 laetiore
1019 1183 1155 1246 materia
1171 1210 1199 1248 10

107 1273 308 1336 cdetineres.
344 1269 477 1334 Nullam
501 1271 664 1355 congiario
689 1271 825 1354 culpam,
848 1270 971 1334 nullam
990 1271 1155 1334 alimentis

143 1360 362 1424 crudelitatem
377 1359 549 1444 redemisti,
565 1380 624 1422 nec
642 1360 703 1422 tibi
718 1359 950 1424 benefaciendi
968 1359 1031 1423 fuit
1050 1381 1155 1442 causa,

141 1454 186 1532 ut,
202 1472 282 1532 quae
301 1450 383 1512 male
402 1450 532 1532 feceras,
551 1450 681 1532 impune
699 1448 837 1513 fecisses.
870 1447 973 1512 Amor
990 1449 1154 1533 impendio

142 1538 213 1621 iste,
236 1561 301 1602 non
319 1540 412 1601 venia
431 1540 575 1621 quaesita
594 1542 652 1620 est,
669 1540 872 1621 populusque
890 1537 1054 1602 Romanus
1074 1538 1155 1601 obli-

107 1645 122 1690 3
143 1632 236 1714 gatus
262 1651 280 1691 a
302 1627 455 1691 tribunali
479 1631 545 1710 tuo,
568 1648 634 1690 non
658 1632 807 1691 exoratus
826 1627 966 1691 recessit.
999 1625 1155 1691 Obtulisti
1172 1655 1199 1694 15

22 1782 29 1789 ,
142 1719 226 1782 enim
251 1717 450 1800 congiarium
474 1716 688 1801 gaudentibus
717 1717 859 1802 gaudeus
889 1737 1080 1798 securusque
1110 1738 1156 1780 se·

142 1807 240 1891 curis,
260 1806 409 1889 quodque
428 1810 522 1869 antea
540 1804 701 1888 principes
716 1805 756 1869 ad
774 1805 884 1869 odium
904 1805 954 1869 sui
971 1804 1155 1869 leniendum

142 1895 341 1959 tumentibus
365 1893 468 1977 plebis
492 1894 608 1957 animis
633 1895 845 1976 obiectabant,
869 1894 902 1958 id
924 1897 962 1956 tu
980 1898 1046 1957 tam
1065 1894 1155 1957 inno-

106 2001 217 2048 4cens
254 1985 374 2067 populo
412 1984 536 2065 dedisti,
573 2005 669 2066 quam
701 1985 840 2067 populus
873 1983 1004 2066 accepit.
1052 1981 1155 2047 Paulo

143 2075 258 2155 minus,
290 2076 397 2156 patres
430 2072 613 2155 conscripti,
645 2073 786 2155 quinque
818 2071 908 2136 milia
941 2073 1155 2156 ingenuorum
1171 2099 1200 2138 ao

142 2162 282 2244 fuerunt,
312 2184 393 2244 quae
422 2161 598 2225 liberalitas
629 2162 785 2244 principis
816 2162 921 2224 nostri
953 2161 1156 2244 conquisivit,

144 2250 275 2333 invenit,
295 2252 442 2314 adscivit.
479 2249 524 2313 Hi
547 2250 724 2314 subsidium
744 2251 911 2330 bellorum,
932 2254 1155 2314 ornamentum

142 2342 231 2424 pacis
259 2340 398 2423 publicis
428 2339 609 2422 sumptibus
637 2340 767 2403 aluntur
793 2339 995 2422 patriamque
1022 2360 1086 2403 non
1119 2343 1157 2402 ut

89 2501 91 2505 y
143 2429 281 2513 patriam
304 2432 441 2511 tantum,
464 2450 575 2492 verum
598 2432 635 2491 ut
660 2429 803 2492 altricem
828 2450 934 2492 amare
959 2427 1156 2510 condiscunt,

110 2537 125 2582 5
146 2542 184 2582 61
207 2519 257 2583 his
282 2522 394 2599 castra,
417 2538 455 2580 61
477 2517 528 2581 his
551 2516 654 2581 tribus
678 2518 895 2600 replebuntur,
918 2539 957 2580 61
980 2517 1031 2581 his
1057 2540 1155 2600 quan·
1171 2544 1199 2584 rs

109 2626 124 2671 6
145 2608 250 2690 doque
273 2610 452 2689 nascentur,
477 2607 593 2689 quibus
617 2607 776 2670 alimentis
801 2628 880 2689 opus
899 2628 964 2670 non
983 2607 1032 2669 sit.
1069 2605 1156 2670 Dent

143 2698 213 2779 tibi,
251 2695 379 2778 Caesar,
411 2698 547 2759 aetatem
581 2694 626 2777 di,
662 2719 758 2779 quam
790 2697 934 2778 mereris,
966 2698 1156 2778 serventque

143 2787 294 2867 animum,
318 2806 412 2868 quem
432 2784 599 2867 dederunt,
621 2808 638 2849 e
672 2788 791 2868 quanto
811 2785 964 2849 maiorem
982 2784 1155 2848 infantium

111 2892 124 2937 1
145 2874 272 2937 turbam
286 2875 403 2937 iterum
414 2877 510 2956 atque
519 2873 636 2936 iterum
646 2874 771 2937 iubebis
781 2873 891 2937 incidi!
909 2871 1057 2958 Augetur
1070 2873 1155 2936 enim

146 2963 263 3026 cotidie
277 2966 309 3026 et
324 2964 445 3046 crescit,
459 2984 524 3027 non
540 2962 616 3045 quia
635 2964 771 3027 cariores
785 2963 971 3045 parentibus
984 2963 1086 3044 liberi,
1100 2962 1157 3026 sed
1171 2989 1200 3029 ss

147 3053 221 3134 quia
235 3052 374 3133 principi
389 3051 483 3115 cives.
515 3050 616 3115 Dabis
631 3051 802 3136 congiaria,
818 3052 845 3114 si
859 3053 957 3134 voles,
979 3052 1159 3134 praestabis

146 3142 307 3223 alimenta,
331 3141 357 3203 si
380 3142 482 3225 voles,
505 3141 554 3203 illi
573 3145 680 3204 tamen
702 3144 888 3224 propterte
911 3144 1093 3205 nascuntur.

93 3227 139 3293 29
214 3228 319 3293 Instar
342 3249 401 3312 ego
424 3229 570 3313 perpetui
597 3229 752 3313 congiarii
779 3250 851 3292 reor
877 3230 1075 3293 affluentiam
1103 3251 1157 3292 an-

144 3341 256 3382 nonae.
293 3316 398 3381 Huius
422 3319 594 3401 aliquando
619 3339 694 3382 cura
711 3317 864 3401 Pompeio
891 3340 956 3383 non
979 3319 1084 3382 minus
1104 3318 1158 3382 ad-

193 3534 229 3581 29
255 3530 376 3588 iubebis
400 3533 563 3590 Baehreasa'
589 3533 662 3600 BV,
683 3529 1161 3599 Laio.‚K.11,n0aa.,uueuu

100 3600 197 3654 emis
211 3603 332 3662 ABed
350 3608 427 3664 ml.
