2506 3862
426 218 683 274 EPISTULARUM
703 223 815 274 ce-er.
1062 219 1128 284 279

113 379 265 464 Avidium
289 382 464 469 Nigrinum
487 386 519 447 et
541 380 731 447 Armenium
749 380 931 448 Brocchum
954 405 1128 466 proconsu-

111 473 169 555 les,
192 473 271 536 item
294 472 334 536 ad
356 471 639 555 Lacedaemonios3
667 493 748 555 quae
770 471 842 537 ideo
873 473 934 536 tibi
956 494 1023 536 non
1044 473 1128 558 misi,
1205 480 1208 485 ’

113 561 190 644 quia
212 565 244 626 et
267 583 382 644 parum
406 562 573 626 emendata
596 563 629 625 et
653 561 808 644 quaedam
836 583 903 626 non
926 564 1031 626 certae
1052 562 1128 627 fidei

110 651 317 733 videbantur,
345 654 377 715 et
401 651 477 733 quia
503 672 579 714 vera
609 652 640 714 et
664 650 831 715 emendata
858 651 893 715 in
912 651 1037 715 scriniis
1060 652 1126 715 tuis

84 760 182 804 sessa
206 740 383 805 credebam

478 868 583 927 axvi.
607 863 755 948 [axin]

458 969 631 1018 TRAIANUS
655 970 783 1017 PLINIO.

178 1057 331 1135 Quaestio
354 1060 427 1146 ista,
450 1082 531 1143 quae
554 1059 695 1143 pertinet
719 1059 758 1124 ad
781 1081 845 1143 eos,
869 1061 925 1144 qui
946 1060 1040 1125 liberi
1058 1060 1160 1124 nati1

112 1150 264 1235 expositi,
296 1149 408 1213 deinde
441 1149 562 1213 sublati
590 1171 608 1212 a
636 1148 827 1232 quibusdam
858 1149 947 1213 etin
971 1149 1126 1214 servitute

71 1264 97 1303 10
112 1237 238 1301 educati
271 1241 360 1322 sunt,
393 1260 488 1321 saepe
520 1241 659 1301 tractata
689 1241 752 1320 est,
783 1257 842 1302 nec
875 1239 1047 1321 quicquam
1079 1238 1126 1301 in·

110 1328 238 1390 venitur
268 1327 303 1391 in
333 1327 569 1391 commentariis
600 1347 711 1391 eorum
738 1327 933 1410 principum,
966 1328 1022 1411 qui
1052 1330 1126 1391 ante

110 1438 162 1479 me
184 1416 324 1501 fuerunt,
346 1416 433 1499 quod
451 1415 492 1480 ad
510 1435 620 1480 omnes
639 1415 822 1498 provincias
841 1417 884 1479 sit
903 1417 1124 1480 constitutum.

110 1503 279 1588 Epistulae
303 1526 379 1569 sane
410 1508 486 1568 sunt
509 1502 687 1568 Domitiani
715 1504 755 1567 ad
777 1501 930 1568 Avidium
951 1503 1125 1590 Nigrinum
1144 1521 1160 1569 2

111 1597 143 1657 et
166 1591 356 1658 Amanium
378 1590 568 1676 Brocchum,
594 1615 675 1676 quae
697 1593 836 1657 fortasse
860 1593 995 1657 debeant
1020 1593 1126 1657 obser-

72 1708 97 1747 15
112 1683 193 1767 vari3
218 1683 273 1747 sed
296 1683 381 1746 inter
404 1703 457 1747 eas
480 1683 672 1766 provincias,
695 1682 734 1745 de
758 1682 875 1765 quibus
893 1683 1125 1765 rescripsit...

111 1772 197 1835 inter
220 1792 300 1855 quas
319 1774 369 1836 est
387 1769 555 1855 Bithynia;
578 1773 610 1835 et
628 1771 699 1834 ideo
718 1792 778 1835 nec
797 1771 1011 1835 adsertionem
1035 1771 1126 1835 denc-

111 1860 248 1943 gandam
271 1861 320 1945 iis,
340 1861 396 1944 qui
419 1883 458 1924 ex
481 1860 656 1924 eiusmodi
679 1880 775 1924 causa
796 1861 831 1924 in
852 1860 1036 1924 libertatem
1059 1861 1126 1924 vin·

111 1949 311 2032 dicabuntur,
334 1953 428 2032 puto,
451 1971 554 2033 neque
578 1949 682 2033 ipsam
704 1949 888 2014 libertatem
910 1949 1127 2014 redimendam

112 2039 217 2120 pretio
241 2039 474 2103 alimentorum.

69 2224 96 2263 ao
498 2201 618 2264 LXVII.
643 2197 736 2282 [XV]

309 2304 336 2352 C.
361 2304 500 2351 PLINIUS
526 2303 679 2352 TRAIANO
703 2304 928 2351 IMPERATORI-

176 2393 298 2479 Legato
320 2393 529 2459 Sauromatae
551 2394 647 2480 regis,
670 2415 743 2458 cum
764 2415 821 2457 sua
844 2397 959 2478 sponte
978 2393 1125 2480 Nicaeae,
1145 2412 1159 2458 1

110 2483 167 2546 ubi
185 2506 236 2547 me
255 2483 430 2566 invenerat,
453 2482 551 2547 biduo
572 2482 780 2567 substitisset,
803 2484 984 2569 longiorem
1001 2504 1125 2547 moram

110 2571 297 2657 faciendam,
317 2572 453 2656 domine,
475 2592 541 2635 non
559 2572 680 2654 putavi,
703 2571 843 2654 primum
862 2572 948 2655 quod
966 2573 1124 2635 incertum

69 2687 96 2726 aa
112 2659 216 2725 adhuc
239 2665 319 2744 erat,
353 2660 479 2744 quando
507 2660 643 2724 libertus
670 2663 746 2724 tuus
769 2659 942 2743 Lycormas
970 2664 1125 2725 venturus

111 2752 205 2831 esset,
228 2750 340 2814 deinde
364 2749 451 2833 quod
473 2750 543 2832 ipse
566 2748 792 2831 proficiscebar
815 2750 850 2811 in
873 2749 1030 2814 diversam
1052 2770 1125 2832 pro·

110 2839 233 2902 vinciae
256 2842 382 2921 partem
409 2839 456 2902 ita
484 2837 583 2902 officii
611 2839 802 2902 necessitate
832 2839 989 2924 exigente.
1035 2837 1159 2906 Haece

110 2929 145 2991 in
166 2929 317 2993 notitiam
339 2930 429 2991 tuam
452 2927 641 3011 perferenda
664 2926 857 3011 existimavi,
881 2928 956 3010 quia
978 2929 1124 3011 proxime

111 3019 301 3100 scripseram
327 3017 448 3101 petisse
471 3015 675 3100 Lycormam,
706 3018 743 3078 ut
770 3016 977 3101 legationem,
1001 3018 1029 3080 si
1062 3039 1125 3100 qua

68 3109 252 3171 revenisset
267 3129 285 3170 a
299 3103 455 3189 Bosporo,
477 3125 580 3188 usque
595 3105 629 3168 in
643 3103 815 3168 adventum
837 3126 930 3168 suum
944 3105 1123 3170 retinerem.

112 3193 204 3271 Quod
227 3196 349 3259 diutius
371 3194 510 3259 faciendi
537 3194 627 3257 nulla
653 3193 733 3256 mihi
759 3193 936 3277 probabilis
962 3193 1045 3256 ratio
1074 3214 1124 3258 oc·

111 3285 223 3367 currit,
253 3285 442 3367 praesertim
472 3303 545 3348 cum
569 3283 726 3365 epistulae
748 3281 937 3369 Lycormae,
969 3303 1049 3365 quas
1073 3283 1124 3346 de·

111 3373 226 3457 tinere,
258 3377 295 3436 ut
328 3376 401 3438 ante
431 3371 588 3456 praedixi,
611 3371 714 3454 noluI,
745 3371 868 3454 aliquot
898 3370 1010 3435 diebus
1038 3370 1125 3435 hunc

110 3460 255 3545 legatum
278 3466 498 3527 antecessurae
520 3461 718 3526 viderentur.

173 3605 207 3652 15
229 3615 315 3687 teser,
333 3604 498 3674 praeterita
516 3609 566 3663 est
581 3605 668 3664 Bran,
691 3605 843 3670 Malacae,
856 3591 1043 3650 intermissa
1059 3579 1159 3632 ordb-
