2506 3862
141 207 206 292 258
457 206 485 261 C.
504 205 603 261 PLINI
621 206 668 260 ΕΤ
687 206 839 261 TRAIANI

520 375 600 435 xvi.
623 370 774 456 [xxva]

471 485 658 533 ¹'I'RAIANUS
682 484 810 533 PLINIO.

207 576 308 642 Recte
330 576 534 659 renuntiasti,
557 576 603 639 mi
627 573 770 640 Secunde
794 575 965 641 carissime.
1011 574 1156 639 Pertinet

141 666 227 731 enim
251 667 291 730 ad
319 667 461 730 animum
484 687 607 748 meum,
639 665 727 748 quali
754 665 868 729 itinere
895 673 929 729 ta
955 665 1155 748 provinciam

140 755 315 840 pervenias.
348 753 525 818 Prudenter
547 757 655 817 autem
675 754 843 818 constituis
862 755 991 818 interim
1010 754 1156 838 navibus,
1185 778 1199 818 s

140 845 270 909 interim
293 844 449 908 vehiculis
472 843 529 925 uti,
551 846 649 927 prout
671 844 743 907 loca
766 843 932 907 suaserint.

488 1025 620 1085 xviia,
645 1020 810 1106 [invni]

343 1135 371 1182 C.
395 1134 533 1183 PLINIUS
558 1135 710 1183 TRAIANO
734 1135 959 1183 IMPERATORI.

107 1241 121 1288 1
209 1224 300 1289 Sicut
328 1225 570 1290 saluberrimam
597 1226 852 1311 navigationem,
884 1225 1025 1309 dominc,
1053 1247 1156 1309 usque

140 1314 307 1398 Ephesum
336 1318 485 1398 expertus
517 1315 563 1379 ita
590 1315 676 1399 inde,
708 1318 880 1399 postquam
914 1315 1070 1379 vehiculis
1093 1315 1157 1379 iter
1171 1337 1198 1378 ιο

140 1404 245 1468 facere
268 1404 369 1487 coepi,
392 1404 588 1489 gravissimis
612 1403 753 1469 aestibus
777 1407 873 1488 atque
899 1405 995 1468 etiam
1018 1404 1156 1468 febricu-

105 1493 180 1557 2lis
203 1496 336 1556 vexatus
359 1491 508 1578 Pergami
531 1493 669 1558 substiti.
714 1492 848 1577 Rursus,
873 1515 946 1558 cum
969 1493 1156 1558 transissem

139 1582 175 1646 in
194 1582 312 1646 orarias
331 1583 503 1666 naviculas,
523 1582 689 1646 contrariis
708 1582 812 1646 ventis
831 1586 973 1647 retentus
989 1583 1156 1666 aliquanto

140 1671 276 1754 tardius,
308 1693 405 1754 quam
433 1692 647 1754 speraveram,
678 1671 712 1734 id
740 1674 788 1735 est
810 1670 872 1735 XV
899 1671 961 1735 kal.
990 1669 1155 1755 Octobres,

140 1759 327 1844 Bithyniam
346 1760 472 1824 intravi.
502 1758 579 1823 Non
600 1781 733 1843 possum
757 1764 865 1824 tamen
889 1761 927 1824 de
945 1782 1036 1824 mora
1055 1761 1155 1844 queri,
1170 1783 1197 1824 is

141 1872 213 1915 cum
242 1849 323 1913 mihi
351 1849 534 1935 contigerit,
563 1850 649 1933 quod
677 1853 744 1914 erat
772 1849 1073 1933 auspicatissimum,
1100 1872 1155 1914 na·

105 1941 238 2003 etalem
261 1941 354 2002 tuum
381 1939 416 2001 in
438 1938 604 2022 provincia
627 1939 794 2019 celebrare.
851 1938 947 2002 Nunc
974 1939 1020 2003 rei
1049 1939 1155 2022 publi-

142 2049 196 2091 cae
219 2027 425 2091 Prusensium
453 2027 630 2111 impendia,
662 2027 796 2111 reditus,
829 2027 1154 2111 debitoresexcuti03

141 2116 227 2199 quod
250 2137 289 2179 ex
312 2116 383 2198 ipso
406 2118 545 2181 tractatu
568 2117 670 2202 magis
694 2138 731 2180 ac
753 2117 855 2202 magis
874 2117 1089 2181 necessarium
1108 2117 1154 2180 in-

140 2205 267 2290 tellego.
313 2203 435 2268 Multae
458 2205 543 2269 enim
566 2205 720 2288 pecuniae
743 2206 839 2270 variis
863 2229 902 2270 ex
926 2205 1030 2270 causis
1049 2228 1068 2270 a
1090 2206 1154 2289 pri·
1169 2227 1197 2268 ao

140 2295 223 2358 vatis
247 2294 441 2379 detinentnr3
473 2296 638 2378 praeterea
666 2295 821 2378 quaedam
844 2294 976 2359 minime
998 2295 1153 2380 legitimis

105 2399 121 2446 4
141 2382 323 2466 sumptibus
347 2386 527 2468 erogantur.
572 2382 662 2448 Haec
684 2384 758 2468 tibi,
781 2384 922 2468 domine,
951 2385 986 2448 in
1012 2384 1084 2467 ipso
1107 2384 1155 2447 in·

141 2494 252 2559 gressu
275 2493 347 2536 meo
372 2471 493 2556 scripsi.

584 2593 670 2652 XVII
680 2594 714 2652 Β.

342 2703 369 2751 o.
393 2702 531 2751 nunnus
555 2702 707 2750 numano
731 2703 957 2751 imunrnoni.
1168 2708 1196 2749 25

208 2791 327 2869 Quinto
353 2793 475 2857 decimo
503 2792 654 2856 kalendas
679 2790 843 2877 Octobres,
867 2794 1003 2878 domine,
1025 2793 1154 2878 provin-

142 2881 223 2945 ciam
246 2882 373 2964 intravi,
397 2904 492 2965 quam
515 2883 550 2946 in
573 2903 610 2945 eo
635 2882 798 2965 obsequio,
821 2883 855 2946 in
879 2904 916 2946 ea
938 2905 1013 2969 erga
1031 2886 1063 2946 te
1081 2883 1153 2968 fide,

105 2985 238 3053 squam
271 2971 310 3034 de
342 2992 456 3056 genere
488 2970 629 3035 humano
662 2971 811 3055 mereris,
843 2971 959 3036 inveni.
1013 2971 1154 3056 Dispice,

141 3059 278 3138 domine,
302 3082 343 3124 an
364 3060 579 3124 necessarium
601 3063 695 3143 putes
718 3060 846 3124 mittere
872 3060 937 3126 huc
963 3083 1152 3126 mensorem.

140 3145 300 3212 Videntur
331 3148 417 3212 enim
449 3170 514 3213 non
545 3149 721 3214 mediocres
752 3151 906 3233 pecuniae
938 3171 1033 3234 posse
1064 3171 1153 3214 revo-
1167 3169 1197 3213 ac

141 3237 205 3302 cari
229 3260 247 3301 a
271 3237 471 3302 curatoribus
496 3259 637 3322 operum,
661 3239 688 3303 si
710 3261 879 3304 mensurae
898 3239 1036 3304 fideliter
1054 3261 1153 3325 agun-
1190 3291 1195 3303 .

139 3329 200 3390 tur.
241 3323 292 3389 Ita
316 3329 400 3390 certe
423 3327 583 3410 prospicio
608 3349 647 3390 ex
669 3328 792 3392 ratione
815 3326 1032 3413 Prusensium,
1056 3350 1152 3412 quam

140 3436 213 3479 cum
236 3415 375 3480 maxime
397 3418 510 3484 tracto.
