2506 3862
139 215 203 282 196
474 252 477 257 -
572 212 600 268 O.
619 212 718 267 PLINI

103 396 120 444 3
139 400 231 443 auras
249 399 338 442 meaa
362 377 408 442 sic
431 378 626 460 sequentur?
649 375 712 442 Sed
736 375 769 440 di
790 377 925 442 laetiora
946 352 1153 459 promittunt.

140 467 237 532 Stetit
251 467 390 553 sanguis,
403 466 522 531 resedit
531 466 631 530 dolor.
650 465 818 530 Praeterea
827 466 995 531 continens
1005 465 1082 548 ipss,
1092 486 1154 529 nos

139 555 279 639 solliciti,
292 555 409 620 modici
423 555 601 641 diligentes.
620 553 673 618 Ad
683 552 749 619 hoc
763 555 935 620 salubritas
949 556 1037 637 caeli,
1052 575 1155 619 seces-

138 668 201 729 sus,
216 647 307 728 quies
325 648 452 709 tantum
467 644 579 708 salutis
594 648 749 728 quantum
765 645 824 709 otii
841 641 1135 728 pollicentur.Vale.

626 791 682 855 Π.,
1185 811 1198 851 s

388 893 416 940 C.
440 892 578 940 PLINIUS
605 890 764 939 CALVISIO
789 891 854 939 SUO
879 891 905 939 S.
1070 885 1073 893 ⁴

105 1001 119 1048 1
205 981 274 1047 Alii
297 983 331 1046 in
353 982 483 1066 praedia
506 1004 563 1048 sua
585 982 845 1066 proficiscuntur,
868 986 905 1046 ut
927 982 1155 1065 locupletiores

139 1076 350 1154 revertantur,
373 1092 443 1157 ego,
465 1075 502 1135 ut
524 1072 702 1155 pauperior.
739 1070 953 1135 Vendideram
977 1069 1154 1135 vindemias

140 1162 286 1227 certatim
308 1161 563 1246 negotiatoribus
587 1159 775 1225 ementibus.
820 1157 982 1224 Invitabat
1004 1159 1155 1244 pretium,

105 1255 173 1315 aet
201 1249 288 1334 quod
315 1253 393 1314 tunc
426 1253 458 1313 et
481 1250 568 1333 quod
599 1250 668 1314 fore
694 1249 870 1314 videbatur.
917 1247 997 1332 Spes
1028 1249 1154 1313 fefellit.
1171 1273 1198 1313 ro

139 1339 221 1403 llrat
243 1339 427 1423 expeditum
451 1339 600 1404 omnibus
623 1339 785 1403 remittere
808 1338 992 1421 aequaliter,
1016 1338 1071 1402 sed
1088 1360 1157 1402 non

141 1428 219 1492 satis
242 1449 388 1511 aequum.
420 1427 503 1491 Mihi
525 1431 633 1492 autem
653 1428 817 1512 egregium
841 1428 876 1491 in
893 1427 1005 1511 primis
1028 1427 1157 1492 videtur

141 1521 179 1581 ut
200 1516 280 1580 foris
303 1517 348 1582 ita
373 1517 474 1600 domi,
506 1517 598 1580 utin
622 1517 748 1602 magnis
772 1517 818 1580 ita
846 1517 882 1580 in
903 1518 1025 1600 parvis,
1056 1520 1094 1580 ut
1121 1516 1157 1580 in

142 1605 254 1670 alienis
283 1606 328 1670 ita
355 1607 390 1669 in
419 1607 485 1669 suia
513 1605 635 1691 agitare
662 1605 827 1670 iustitiam.
873 1602 972 1688 Nam,
1005 1606 1032 1669 si
1063 1605 1156 1689 paria

106 1711 122 1759 3
142 1699 283 1779 peccata,
305 1717 397 1779 pares
421 1696 518 1759 etiam
541 1695 660 1758 laudes.
705 1692 818 1777 ltaque
842 1694 992 1758 omnibus
1016 1694 1156 1777 quidem,
1171 1717 1197 1758 rs

140 1806 181 1847 ne
211 1784 283 1867 quis
312 1783 422 1847 ‘mihi
449 1805 524 1848 non
547 1784 712 1847 donatus
741 1782 891 1866 abiret',
921 1786 1046 1867 partem
1070 1787 1156 1847 octa-

141 1895 214 1937 vam
237 1873 431 1956 pretiique
456 1873 527 1956 quis
551 1876 680 1956 emerat,
704 1873 861 1955 concessi,
885 1872 998 1936 deinde
1026 1873 1075 1956 iis,
1099 1874 1156 1955 qui

142 1961 358 2044 amplissimas
382 1982 523 2025 summas
551 1962 768 2045 emptionibus
797 1965 1044 2045 occupaverant,
1068 1983 1156 2044 sepa-

141 2050 238 2113 ratim
262 2050 417 2112 consului.
461 2048 547 2114 Nam
571 2053 677 2113 11111
701 2051 804 2135 magis
827 2051 974 2114 iuverant
997 2053 1029 2113 et
1051 2052 1155 2114 maius

106 2153 123 2201 4
142 2137 205 2221 ipsi
226 2137 368 2201 fecerant
391 2138 551 2202 damnum.
583 2135 689 2224 Igitur
711 2140 765 2221 iis,
789 2139 845 2222 qui
867 2139 968 2222 pluris
989 2161 1084 2222 quam
1104 2139 1156 2202 de·
1170 2162 1198 2202 ao

142 2247 211 2290 cem
238 2226 370 2290 milibus
398 2230 554 2311 emerant,
586 2228 626 2291 ad
654 2228 742 2290 illam
772 2248 975 2291 communem
1004 2233 1035 2291 et
1064 2229 1156 2311 quasi

141 2314 305 2399 publicam
329 2317 475 2380 octavam
499 2315 607 2380 addidi
630 2316 797 2380 decumam
821 2317 888 2380 eius
912 2339 1070 2400 summae,
1094 2338 1158 2399 qua

107 2420 123 2469 1
143 2404 252 2468 decem
266 2404 356 2468 milia
371 2408 581 2469 excesserant.
605 2404 735 2488 Vereor,
749 2428 789 2469 ne
803 2428 917 2489 parum
932 2407 1157 2490 expresserim,

143 2493 285 2577 apertius
317 2494 457 2558 calculos
490 2494 665 2559 ostendam.
712 2492 746 2557 Si
775 2496 830 2577 qui
857 2493 941 2558 forte
973 2494 1156 2578 quindecim

143 2582 274 2646 milibus
297 2585 454 2666 emerant,
480 2583 516 2646 hi
539 2586 571 2647 et
594 2582 776 2666 quindecim
800 2583 925 2647 milium
955 2587 1100 2647 octavam
1125 2588 1157 2647 et
1171 2607 1198 2646 ss

109 2671 287 2753 cquinquo
310 2672 436 2735 milium
460 2672 616 2736 decimam
640 2673 792 2735 tulervmt.
822 2670 1000 2755 Praeterea,
1019 2693 1092 2736 cum
1111 2694 1158 2735 re-

143 2763 291 2842 putarem
329 2760 483 2842 quosdam
521 2782 559 2824 ex
597 2760 705 2824 debito
742 2761 961 2844 aliquantum,
1002 2761 1157 2845 quosdam

146 2848 282 2930 aliquid,
310 2849 465 2930 quosdam
488 2849 578 2912 nihil'
592 2849 786 2932 reposuisse,
815 2871 1017 2932 nequaquam
1045 2871 1157 2914 verum

146 2935 339 3020 arbitrabar,
371 2958 451 3020 quos
478 2959 544 3001 non
576 2942 743 3021 aequasset
770 2938 849 3003 fides
880 2939 1066 3021 solutionis,
1096 2938 1157 3002 hos

112 3042 127 3090 v
147 3024 346 3109 benignitate
370 3026 567 3090 remissionis
595 3028 732 3110 aequari.
778 3026 902 3091 Rursus
925 3049 1001 3113 ergo
1025 3028 1079 3110 iis,
1102 3028 1159 3110 qui
1172 3050 1199 3090 so

147 3114 318 3196 solverant,
341 3114 422 3197 eius,
446 3116 532 3197 quod
555 3116 731 3200 solverant,
755 3115 911 3180 decimam
934 3116 1050 3181 remisi.
1097 3115 1160 3180 Per

145 3201 209 3266 hoc
234 3200 325 3265 'enim
357 3204 522 3285 aptissimo
559 3208 591 3269 et
623 3204 657 3268 in
688 3205 895 3289 praeteritum
928 3206 1063 3291 singulis
1099 3227 1158 3290 pro

146 3291 300 3373 cuiusque
323 3292 438 3356 merito
466 3294 570 3378 gratia
592 3294 719 3376 referri,
751 3297 783 3358 et
810 3294 844 3356 in
870 3293 1015 3359 futurum
1048 3316 1159 3359 omncs
1230 3313 1232 3318 ·

146 3399 219 3443 cum
253 3379 294 3445 ad
332 3381 499 3444 emendum
536 3386 606 3447 tum
639 3383 736 3447 etiam
773 3383 813 3447 ad
849 3384 1036 3448 solvendum
1073 3385 1160 3449 allici

201 3523 253 3598 1thv
270 3520 347 3592 Verff.
361 3520 399 3576 A.
421 3521 512 3579 Vada.
600 3527 633 3577 l‘i
659 3529 684 3579 et
702 3526 738 3576 ‘20
757 3528 782 3578 ct
800 3525 835 3576 11)
849 3520 899 3574 bis
920 3523 963 3587 M,
981 3523 1050 3576 K.1.
1126 3529 1160 3575 11

109 3594 235 3650 aequm
253 3607 281 3655 a,
302 3593 397 3663 ΚΠ,
417 3611 548 3669 aequare
572 3599 640 3668 Mr,
661 3597 735 3654 Κ.Ι.
902 3626 905 3633 ·
