2506 3862
110 208 176 273 194
545 203 573 260 0.
592 205 690 260 PLINI

109 372 235 436 civium
246 392 393 456 numer03
416 369 449 433 id
468 370 553 434 enim
573 369 699 455 oppidis
716 369 937 435 firmissimum
957 390 1125 433 ornamen-

72 464 186 526 2tum.
231 457 317 523 Illud
340 459 437 524 etiam
460 480 600 524 menon
626 462 664 522 ut
686 459 908 542 ambitiosum,
935 458 991 524 sed
1013 461 1124 522 tamen

107 550 212 634 iuvat,
243 548 329 632 quod
358 547 457 613 adicis
485 552 518 612 te
540 569 655 632 meque
682 552 715 612 et
733 548 917 634 ¹gratiarum
940 546 1066 611 actione
1090 551 1124 612 et

107 639 202 702 laude
226 637 410 702 celebratos.
455 635 517 702 Est
539 637 640 720 enim,
662 640 700 701 ut
722 635 905 720 Xenophon
933 636 993 720 ait,
1025 635 1122 719 ‘tide-

108 744 201 794 στον
224 727 403 810 ἄκουσμα
427 725 614 810 sativos,
636 726 748 809 utique
772 726 800 790 si
822 729 854 789 te
879 726 994 790 mereri
1016 728 1121 809 putes.
1151 751 1165 791 e

108 816 197 881 Vale.

546 926 683 984 XXXIII.

374 1027 402 1074 c.
424 1027 563 1075 Pulums
588 1027 716 1075 uuomo
741 1026 806 1074 suo
830 1026 856 1074 s.

72 1138 87 1185 1
173 1115 334 1204 Auguror,
356 1137 415 1181 nac
432 1139 484 1181 me
502 1117 587 1181 fallit
605 1117 785 1202 augurium,
802 1116 954 1182 historias
972 1119 1045 1180 tuas
1063 1117 1121 1179 im·

107 1208 258 1272 mortales
276 1206 415 1290 firturas3
439 1228 502 1289 quo
521 1206 625 1292 magis
648 1207 712 1270 illis
736 1204 888 1293 (ingenue
910 1202 1050 1291 fatebor)
1074 1206 1164 1270 in-1o

72 1297 171 1362 aseri
194 1296 296 1379 cupio.
341 1293 441 1378 Nam,
463 1295 493 1359 si
515 1316 583 1359 esse
605 1294 699 1359 nobis
723 1315 816 1359 curae
839 1296 937 1378 solet,
963 1298 1001 1357 ut
1022 1294 1122 1360 facies

107 1388 218 1449 nostra
245 1385 285 1449 ab
309 1385 432 1467 optimo
461 1405 589 1467 quoque
619 1383 740 1448 artifice
772 1384 983 1466 exprimatur,
1014 1405 1122 1447 noune

108 1473 261 1538 debemus
280 1477 400 1557 optare,
422 1476 459 1537 ut
478 1472 627 1556 operibus
645 1473 764 1537 nostris
784 1473 898 1538 similis
916 1473 966 1536 tui
984 1473 1122 1556 scriptor

72 1563 371 1647 apraedicatorque
390 1561 579 1647 contingat?
602 1559 796 1626 Demonstro
816 1582 903 1648 erg0,
926 1583 1121 1645 quamquam

109 1651 308 1738 diligentiam
332 1655 421 1715 tuam
444 1650 556 1737 fugere
578 1671 644 1714 non
666 1651 779 1734 possit,
803 1671 876 1714 cum
900 1651 943 1715 sit
964 1651 999 1714 in
1016 1650 1163 1734 publi-1⁶

108 1742 153 1807 cis
177 1742 270 1825 actis,
298 1740 482 1805 demonstro
506 1743 628 1823 tamen,
652 1761 716 1823 quo
739 1740 843 1825 magis
866 1740 988 1822 credas,
1011 1740 1122 1803 iucun-

108 1832 184 1895 dum
207 1830 289 1895 mihi
310 1830 466 1912 futurum,
489 1829 518 1894 si
538 1830 660 1893 factum
683 1850 806 1912 meum,
829 1829 919 1893 cuius
943 1829 1046 1913 gratia
1067 1850 1122 1912 pe-

107 1921 209 1985 riculo
233 1919 343 2001 crevit,
365 1921 421 1982 tuo
446 1918 586 2003 ingenio,
608 1921 664 1981 tuo
688 1918 874 1982 testimonio
899 1919 1070 1982 ornaveris.

70 2027 88 2074 4
174 2006 314 2071 Dederat
340 2029 392 2070 me
419 2010 549 2070 sanatus
577 2026 650 2070 cum
678 2005 841 2071 Herennio
865 2002 1039 2071 Senecione
1068 2006 1122 2070 ad-

107 2099 257 2161 vocatum
280 2095 463 2179 provinciae
484 2094 634 2159 Baeticae
662 2099 774 2159 contra
799 2095 956 2159 Baebium
980 2095 1120 2160 Massam
1135 2119 1162 2159 ao

108 2185 323 2267 damnatoque
354 2182 461 2248 Massa
493 2187 672 2267 censuerat,
707 2188 745 2248 ut
777 2184 862 2248 bona
891 2185 960 2248 eius
991 2185 1120 2268 publice

108 2273 352 2339 custodirentur.
383 2270 526 2356 Senecio,
544 2293 617 2337 cum
636 2275 834 2357 explorasset
847 2275 993 2339 consules
1011 2278 1122 2357 postu-

106 2363 282 2427 lationibus
306 2365 488 2445 vacaturos,
520 2363 670 2426 convenit
691 2384 743 2426 me
771 2366 803 2426 et
835 2360 916 2438 ‘Qua
939 2362 1120 2428 concordia'

107 2453 214 2536 inquit
237 2451 426 2515 ‘iniunctam
449 2451 543 2517 nobis
570 2452 806 2515 accusationem
836 2452 978 2516 exsecuti
1002 2473 1122 2535 sumus,

107 2542 168 2607 hac
191 2541 342 2605 adeamus
370 2541 515 2605 consules
542 2544 767 2624 petamusque,
794 2562 836 2604 ne
858 2540 944 2604 bona
966 2540 1161 2624 dissiparem

72 2632 230 2713 asinant,
263 2651 400 2713 quorum
428 2650 496 2694 essa
524 2629 558 2692 in
584 2629 730 2693 custodia
759 2629 896 2693 debent?
941 2627 1120 2713 Respondi:

108 2717 201 2783 ‘Cum
239 2720 339 2783 simus
375 2718 521 2782 advocati
557 2741 576 2782 a
608 2721 720 2782 senatu
756 2718 836 2800 dati,
873 2717 1006 2802 dispice,
1041 2740 1120 2781 num

107 2811 251 2891 peractas
269 2810 363 2891 putes
381 2810 488 2890 partes
506 2811 633 2871 nostres
651 2810 779 2871 senatus
804 2808 988 2892 cognitione
1006 2806 1119 2871 finita’

107 2895 152 2959 Xt
174 2897 241 2960 ille:
274 2895 349 2979 Ἥ,
379 2917 474 2978 quem
497 2897 602 2979 voles,
629 2896 690 2959 tibi
712 2896 886 2959 terminum
909 2900 1044 2980 statuas,
1067 2897 1119 2961 cui

107 2985 197 3048 nulla
220 3005 293 3049 cum
315 2985 481 3068 provincia
502 2984 703 3049 necessitudo
732 2985 796 3048 nisi
823 3007 861 3048 ex
885 2985 1040 3049 beneficio
1063 2990 1120 3050 tuo
1135 3010 1162 3050 ao

108 3077 142 3138 et
163 3073 226 3138 hoc
247 3074 382 3157 recenti;
405 3074 473 3157 ipse
496 3076 529 3137 et
546 3077 641 3137 uatus
660 3073 706 3137 ibi
724 3077 757 3137 et
776 3077 926 3157 quaestor
944 3075 978 3138 in
996 3097 1033 3139 ea
1051 3074 1120 3138 fui?

73 3179 90 3228 c
109 3162 192 3227 Tum
215 3183 291 3248 ego:
324 3160 372 3225 ‘Si
390 3162 491 3226 fixum
514 3163 576 3226 tibi
597 3162 685 3226 istud
707 3182 745 3226 ac
763 3162 984 3246 deliberatum,
1006 3185 1121 3247 sequar

74 3255 150 3335 Ite,
172 3255 219 3336 ut,
242 3251 269 3314 si
293 3273 356 3334 qua
378 3271 417 3314 ex
440 3250 502 3315 hoc
524 3251 654 3334 invidia,
674 3272 741 3315 non
764 3254 890 3315 tantum
911 3244 989 3316 tua'
1024 3251 1121 3316 Veni·

108 3362 180 3406 mus
203 3341 243 3405 ad
266 3340 427 3422 consules,
449 3339 528 3405 dicit
551 3337 697 3422 Senecio,
725 3361 879 3423 quaeres
901 3340 1034 3424 ferebat,
1065 3341 1121 3404 aii-

109 3451 173 3511 cua
186 3429 355 3516 subiungo.
386 3427 529 3492 Vixdum
544 3429 807 3512 conticueramus,
822 3432 854 3493 et
867 3427 974 3495 Massa
988 3433 1119 3513 questus
1134 3452 1161 3493 aa

42 3626 45 3631 .
151 3585 263 3641 aaa.
285 3605 365 3644 mem.
381 3589 427 3663 ιι.
438 3595 467 3647 1.
476 3593 521 3648 31.
