2506 3862
365 223 624 278 EPISTULARUM
641 222 681 277 IV
700 222 795 277 tlt—V
811 229 834 278 1.
1045 221 1107 287 111

96 386 232 452 decessit
255 387 428 472 expulsus?
452 386 539 471 quod
560 387 596 451 in
613 386 764 470 ampullis
783 386 960 470 ceterisque
983 386 1109 472 generis
1146 402 1162 451 1

96 475 238 541 eiusdem
256 475 402 541 videmus
421 475 573 560 accidere,
591 475 708 559 quibus
726 497 793 539 non
809 476 904 540 hians
922 495 981 540 nec
1000 475 1109 540 statim

94 569 209 650 patens
232 565 346 630 exitus.
382 565 468 631 Nam
491 566 547 630 illa
571 585 708 648 quoque,
727 586 921 649 quamquam
940 585 1042 648 prona
1064 567 1111 627 at

100 677 163 738 que
185 655 360 740 vergentia,
382 676 440 739 per
462 653 616 738 quasdam
639 654 833 719 obluctantis
856 653 981 718 animae
1003 674 1110 717 moras
1142 694 1144 700 ·

68 744 218 811 eorebris
242 745 333 826 quasi
357 742 553 830 singultibus
577 743 704 827 sistunt,
728 742 814 826 quod
837 741 1015 807 effimdunt.
1049 740 1111 825 An,
1148 757 1163 806 1

99 855 182 918 quae
205 852 324 897 oceano
346 836 471 917 natura,
492 832 577 897 fonti
600 853 738 917 quoque,
760 853 887 916 quaque
909 832 964 896 ille
986 831 1111 895 ratione

99 925 156 986 aut
180 922 346 1006 inpellitur
372 925 429 987 aut
454 923 651 1005 resorbetur,
677 922 739 985 hac
765 920 910 985 modicus
937 920 991 984 hic
1017 940 1112 983 umor

98 1011 225 1076 vicibus
247 1012 379 1077 alternis
403 1012 615 1096 supprimitur
639 1012 691 1075 vel
713 1010 874 1096 egeritur?
905 1007 968 1092 An,
994 1011 1032 1072 ut
1053 1008 1113 1072 flu·
1147 1025 1164 1074 8

99 1101 200 1182 mina,
229 1122 310 1183 quae
336 1101 372 1164 in
398 1123 486 1166 mare
514 1099 712 1183 (1111111111,
737 1098 979 1164 adversantibus
1007 1098 1111 1162 ventis

58 1216 86 1257 ro
101 1189 262 1273 obvioque
298 1193 389 1255 aestu
423 1193 662 1273 retorquentur,
696 1189 742 1252 ita
778 1192 827 1253 est
858 1187 993 1272 aliquid,
1025 1186 1113 1271 quod

100 1279 197 1343 huius
213 1279 314 1344 fontis
333 1299 502 1344 excursum
520 1278 735 1363 repercutiat?
762 1276 816 1342 An
829 1277 1004 1342 latentibus
1022 1276 1112 1340 venis
1149 1293 1165 1341 9

102 1371 188 1433 certa
219 1389 378 1451 mensura,
410 1389 492 1452 quae
524 1368 601 1432 dum
633 1367 767 1453 colligit,
795 1367 882 1451 quod
914 1367 1113 1448 exhauserat,

100 1457 208 1521 minor
228 1457 317 1521 rivus
341 1460 373 1521 et
394 1458 527 1543 pigrior,
550 1477 623 1521 cum
647 1457 786 1542 collegit,
809 1456 925 1541 agilior
947 1456 1113 1539 maiorque

101 1545 283 1630 profertur?
321 1543 375 1609 An
400 1547 508 1611 nescio
537 1545 624 1631 quod
650 1545 879 1610 libramentum
907 1544 1053 1608 abditum
1081 1546 1166 1610 etro

58 1655 243 1717 1111111111,
272 1634 359 1718 quod
386 1655 459 1699 cum
487 1635 686 1700 exinanitum
714 1638 776 1716 est,
804 1633 937 1698 suscitet
964 1637 997 1698 11
1026 1632 1114 1697 elicit

98 1724 232 1807 fontem,
251 1743 324 1788 cum
343 1726 511 1808 repletum,
528 1726 673 1788 moretm
688 1726 721 1788 et
739 1722 940 1808 strangulat?
964 1721 1114 1786 Scrutare
1133 1739 1165 1789 11

98 1817 136 1876 tu
159 1833 270 1877 causas
295 1810 400 1896 (potes
427 1811 541 1898 enim),
564 1834 646 1897 quae
673 1815 800 1876 tantum
827 1811 1018 1875 miraculum
1046 1809 1114 1875 effi-

99 1902 203 2055 giupb
225 1902 307 1965 mihi
326 1901 452 1966 abunde
471 1905 528 1985 est,
548 1902 575 1965 si
594 1901 672 1966 satis
691 1901 842 1985 expressi,
861 1901 948 1983 quod
967 1900 1114 1965 efficitur.

133 2013 151 2054 a
165 2014 191 2056 e.

60 2390 87 2430 ιο
284 2349 320 2422 0.
348 2349 481 2422 PLINI
509 2348 699 2423 annom
727 2347 933 2423 SECUNDI

252 2507 965 2662 urrsuonnaun

430 2717 786 2797 LIBERQUINTUS.

599 2937 622 2997 Ι.

301 3039 328 3088 1
352 3039 491 3087 ramme
515 3038 623 3086 11111
648 3038 783 3087 sevnno
808 3037 874 3085 suo
899 3037 926 3085 a.

63 3154 90 3194 11
170 3129 329 3216 Legatum
356 3129 437 3193 milri
465 3129 596 3193 obvenit
625 3128 804 3211 modicum,
833 3127 887 3192 sed
917 3126 1150 3211 amplissimo1

104 3219 236 3303 gratius.
292 3217 355 3283 Cur
389 3219 587 3302 amplissimo
625 3216 768 3302 gratius?
813 3215 993 3300 Pomponia
1025 3213 1117 3280 Galla

104 3307 296 3373 exheredato
315 3308 384 3373 filio
403 3305 528 3372 Asudio
543 3304 681 3370 Curiano
699 3305 849 3370 heredem
864 3306 1038 3389 reliquerat
1056 3325 1117 3387 me,

105 3396 236 3462 dederat
259 3397 429 3462 coheredes
458 3394 635 3461 Sertorium
660 3392 822 3479 Severum,
848 3394 1044 3479 praetorium
1071 3392 1117 3455 ui-

175 3542 192 3590 8
211 3525 1165 3613 1111111,11111,1111111111,111111111111111111,

94 3605 188 3673 subpr.
211 3607 333 3678 erigitur
350 3611 396 3667 M,
