<?xml version="1.0" encoding="UTF-8"?>
<!DOCTYPE html PUBLIC "-//W3C//DTD XHTML 1.0 Transitional//EN"
    "http://www.w3.org/TR/xhtml1/DTD/xhtml1-transitional.dtd">
<html xmlns="http://www.w3.org/1999/xhtml" xml:lang="en" lang="en">
 <head>
  <title>
</title>
<meta http-equiv="Content-Type" content="text/html;charset=utf-8" />
  <meta name='ocr-system' content='tesseract 3.04.00' />
  <meta name='ocr-capabilities' content='ocr_page ocr_carea ocr_par ocr_line ocrx_word'/>
</head>
<body>
  <div class='ocr_page' id='page_1' title='image "./cplinicaecilise04plingoog_0389.png"; bbox 0 0 2506 3862; ppageno 0'>
   <div class='ocr_carea' id='block_1_1' title="bbox 125 185 703 253">
    <p class='ocr_par' dir='ltr' id='par_1_1' title="bbox 125 185 703 253">
     <span class='ocr_line' id='line_1_1' title="bbox 125 185 703 253; baseline -0.022 -1"><span class='ocrx_word' id='word_1_1' title='bbox 125 188 190 253; x_wconf 81' lang='lat'>376</span> <span class='ocrx_word' id='word_1_2' title='bbox 558 185 585 241; x_wconf 80' lang='lat'>0.</span> <span class='ocrx_word' id='word_1_3' title='bbox 604 186 703 240; x_wconf 86' lang='lat' dir='ltr'>PLINI</span> 
     </span>
    </p>
   </div>
   <div class='ocr_carea' id='block_1_2' title="bbox 52 349 1215 3459">
    <p class='ocr_par' dir='ltr' id='par_1_2' title="bbox 91 349 1160 702">
     <span class='ocr_line' id='line_1_2' title="bbox 91 349 1139 435; baseline -0.003 -19"><span class='ocrx_word' id='word_1_4' title='bbox 91 369 105 417; x_wconf 78' lang='grc'>1</span> <span class='ocrx_word' id='word_1_5' title='bbox 126 353 278 435; x_wconf 89' lang='lat' dir='ltr'>cuiusque</span> <span class='ocrx_word' id='word_1_6' title='bbox 300 350 394 414; x_wconf 89' lang='lat' dir='ltr'>lande</span> <span class='ocrx_word' id='word_1_7' title='bbox 416 351 639 433; x_wconf 75' lang='lat' dir='ltr'><strong>praestantior.</strong></span> <span class='ocrx_word' id='word_1_8' title='bbox 676 349 791 414; x_wconf 87' lang='lat' dir='ltr'>Merito</span> <span class='ocrx_word' id='word_1_9' title='bbox 815 349 876 414; x_wconf 90' lang='lat' dir='ltr'>tibi</span> <span class='ocrx_word' id='word_1_10' title='bbox 898 370 974 434; x_wconf 84' lang='lat' dir='ltr'>ergo</span> <span class='ocrx_word' id='word_1_11' title='bbox 994 353 1070 433; x_wconf 90' lang='lat' dir='ltr'>post</span> <span class='ocrx_word' id='word_1_12' title='bbox 1089 370 1139 413; x_wconf 77' lang='lat' dir='ltr'>ce</span> 
     </span>
     <span class='ocr_line' id='line_1_3' title="bbox 124 437 1160 524; baseline 0.003 -20"><span class='ocrx_word' id='word_1_13' title='bbox 124 445 208 505; x_wconf 87' lang='lat' dir='ltr'>teras</span> <span class='ocrx_word' id='word_1_14' title='bbox 236 441 467 524; x_wconf 78' lang='lat' dir='ltr'>appellationes</span> <span class='ocrx_word' id='word_1_15' title='bbox 494 440 574 504; x_wconf 90' lang='lat' dir='ltr'>haec</span> <span class='ocrx_word' id='word_1_16' title='bbox 602 442 650 503; x_wconf 91' lang='lat' dir='ltr'>est</span> <span class='ocrx_word' id='word_1_17' title='bbox 676 439 784 502; x_wconf 88' lang='lat' dir='ltr'>addita</span> <span class='ocrx_word' id='word_1_18' title='bbox 811 443 848 502; x_wconf 95' lang='lat' dir='ltr'>ut</span> <span class='ocrx_word' id='word_1_19' title='bbox 875 439 985 502; x_wconf 88' lang='lat' dir='ltr'>maior.</span> <span class='ocrx_word' id='word_1_20' title='bbox 1026 437 1160 508; x_wconf 85' lang='lat' dir='ltr'>Minus.</span> 
     </span>
     <span class='ocr_line' id='line_1_4' title="bbox 125 526 1137 613; baseline -0.003 -20"><span class='ocrx_word' id='word_1_21' title='bbox 125 533 174 593; x_wconf 91' lang='lat' dir='ltr'>est</span> <span class='ocrx_word' id='word_1_22' title='bbox 193 530 278 592; x_wconf 93' lang='lat' dir='ltr'>enim</span> <span class='ocrx_word' id='word_1_23' title='bbox 296 530 522 613; x_wconf 80' lang='lat' dir='ltr'>imperatorem</span> <span class='ocrx_word' id='word_1_24' title='bbox 541 533 573 592; x_wconf 95' lang='lat' dir='ltr'>et</span> <span class='ocrx_word' id='word_1_25' title='bbox 592 527 757 592; x_wconf 80' lang='lat' dir='ltr'>Caesarem</span> <span class='ocrx_word' id='word_1_26' title='bbox 781 531 814 592; x_wconf 91' lang='lat' dir='ltr'>et</span> <span class='ocrx_word' id='word_1_27' title='bbox 831 526 1017 612; x_wconf 84' lang='lat' dir='ltr'>Augustum</span> <span class='ocrx_word' id='word_1_28' title='bbox 1036 548 1137 610; x_wconf 91' lang='lat' dir='ltr'>quam</span> 
     </span>
     <span class='ocr_line' id='line_1_5' title="bbox 125 615 1139 702; baseline -0.002 -20"><span class='ocrx_word' id='word_1_29' title='bbox 125 619 273 682; x_wconf 88' lang='lat' dir='ltr'>omnibus</span> <span class='ocrx_word' id='word_1_30' title='bbox 297 617 542 702; x_wconf 65' lang='lat' dir='ltr'>imperatoribus</span> <span class='ocrx_word' id='word_1_31' title='bbox 566 621 598 681; x_wconf 92' lang='lat' dir='ltr'>et</span> <span class='ocrx_word' id='word_1_32' title='bbox 621 615 808 681; x_wconf 82' lang='lat' dir='ltr'>Caesaribus</span> <span class='ocrx_word' id='word_1_33' title='bbox 832 621 864 680; x_wconf 91' lang='lat' dir='ltr'>et</span> <span class='ocrx_word' id='word_1_34' title='bbox 886 616 1042 702; x_wconf 83' lang='lat' dir='ltr'>Augustis</span> <span class='ocrx_word' id='word_1_35' title='bbox 1067 638 1139 681; x_wconf 86' lang='lat' dir='ltr'>esse</span> 
     </span>
    </p>

    <p class='ocr_par' dir='ltr' id='par_1_3' title="bbox 89 705 1181 967">
     <span class='ocr_line' id='line_1_6' title="bbox 89 705 1181 789; baseline -0.001 -18"><span class='ocrx_word' id='word_1_36' title='bbox 89 708 297 772; x_wconf 76' lang='lat' dir='ltr'>emeliorem.</span> <span class='ocrx_word' id='word_1_37' title='bbox 342 705 482 789; x_wconf 89' lang='lat' dir='ltr'>Ideoque</span> <span class='ocrx_word' id='word_1_38' title='bbox 515 707 569 770; x_wconf 89' lang='grc'><strong>1111</strong></span> <span class='ocrx_word' id='word_1_39' title='bbox 595 727 709 789; x_wconf 89' lang='lat' dir='ltr'>parens</span> <span class='ocrx_word' id='word_1_40' title='bbox 742 705 909 769; x_wconf 86' lang='lat' dir='ltr'>hominurn</span> <span class='ocrx_word' id='word_1_41' title='bbox 940 705 1139 788; x_wconf 89' lang='lat' dir='ltr'>deorumque</span> <span class='ocrx_word' id='word_1_42' title='bbox 1168 729 1181 770; x_wconf 80' lang='lat' dir='ltr'>s</span> 
     </span>
     <span class='ocr_line' id='line_1_7' title="bbox 127 794 1140 880; baseline -0.002 -20"><span class='ocrx_word' id='word_1_43' title='bbox 127 797 242 880; x_wconf 91' lang='lat' dir='ltr'>optimi</span> <span class='ocrx_word' id='word_1_44' title='bbox 259 797 358 880; x_wconf 88' lang='lat' dir='ltr'>prius,</span> <span class='ocrx_word' id='word_1_45' title='bbox 373 796 485 859; x_wconf 90' lang='lat' dir='ltr'>deinde</span> <span class='ocrx_word' id='word_1_46' title='bbox 499 796 632 859; x_wconf 84' lang='lat' dir='ltr'>maximi</span> <span class='ocrx_word' id='word_1_47' title='bbox 650 796 780 860; x_wconf 92' lang='lat' dir='ltr'>nomine</span> <span class='ocrx_word' id='word_1_48' title='bbox 799 794 923 859; x_wconf 88' lang='lat' dir='ltr'>colitur.</span> <span class='ocrx_word' id='word_1_49' title='bbox 957 794 1027 870; x_wconf 80' lang='lat' dir='ltr'>Quo</span> <span class='ocrx_word' id='word_1_50' title='bbox 1046 816 1140 878; x_wconf 88' lang='lat' dir='ltr'>prae·</span> 
     </span>
     <span class='ocr_line' id='line_1_8' title="bbox 125 884 1139 967; baseline -0.001 -19"><span class='ocrx_word' id='word_1_51' title='bbox 125 886 241 950; x_wconf 88' lang='lat' dir='ltr'>clarior</span> <span class='ocrx_word' id='word_1_52' title='bbox 267 887 337 949; x_wconf 88' lang='lat' dir='ltr'>laus</span> <span class='ocrx_word' id='word_1_53' title='bbox 364 887 433 967; x_wconf 90' lang='lat' dir='ltr'>tua,</span> <span class='ocrx_word' id='word_1_54' title='bbox 466 906 561 967; x_wconf 89' lang='lat' dir='ltr'>quem</span> <span class='ocrx_word' id='word_1_55' title='bbox 591 905 657 947; x_wconf 93' lang='lat' dir='ltr'>non</span> <span class='ocrx_word' id='word_1_56' title='bbox 683 885 791 948; x_wconf 90' lang='lat' dir='ltr'>minus</span> <span class='ocrx_word' id='word_1_57' title='bbox 821 886 947 947; x_wconf 90' lang='lat' dir='ltr'>constat</span> <span class='ocrx_word' id='word_1_58' title='bbox 976 884 1139 966; x_wconf 90' lang='lat' dir='ltr'>optimum</span> 
     </span>
    </p>

    <p class='ocr_par' dir='ltr' id='par_1_4' title="bbox 90 970 1215 1236">
     <span class='ocr_line' id='line_1_9' title="bbox 90 970 1215 1057; baseline -0.004 -18"><span class='ocrx_word' id='word_1_59' title='bbox 90 991 194 1039; x_wconf 83' lang='grc'><strong>91111</strong></span> <span class='ocrx_word' id='word_1_60' title='bbox 223 996 318 1057; x_wconf 87' lang='lat' dir='ltr'>quarn</span> <span class='ocrx_word' id='word_1_61' title='bbox 346 974 531 1036; x_wconf 87' lang='lat' dir='ltr'>maximum.</span> <span class='ocrx_word' id='word_1_62' title='bbox 573 970 748 1037; x_wconf 84' lang='lat' dir='ltr'>Assecutus</span> <span class='ocrx_word' id='word_1_63' title='bbox 776 995 809 1037; x_wconf 92' lang='grc'>11</span> <span class='ocrx_word' id='word_1_64' title='bbox 836 993 962 1055; x_wconf 91' lang='lat' dir='ltr'>nomen,</span> <span class='ocrx_word' id='word_1_65' title='bbox 986 972 1073 1055; x_wconf 93' lang='lat' dir='ltr'>quod</span> <span class='ocrx_word' id='word_1_66' title='bbox 1096 971 1140 1036; x_wconf 92' lang='lat' dir='ltr'>ad</span> <span class='ocrx_word' id='word_1_67' title='bbox 1213 1003 1215 1007; x_wconf 46' lang='lat'><strong><em>⁴</em></strong></span> 
     </span>
     <span class='ocr_line' id='line_1_10' title="bbox 124 1060 1138 1145; baseline -0.003 -18"><span class='ocrx_word' id='word_1_68' title='bbox 124 1064 224 1127; x_wconf 92' lang='lat' dir='ltr'>alium</span> <span class='ocrx_word' id='word_1_69' title='bbox 252 1063 389 1127; x_wconf 89' lang='lat' dir='ltr'>transire</span> <span class='ocrx_word' id='word_1_70' title='bbox 417 1083 483 1125; x_wconf 93' lang='lat' dir='ltr'>non</span> <span class='ocrx_word' id='word_1_71' title='bbox 512 1063 624 1145; x_wconf 90' lang='lat' dir='ltr'>possit,</span> <span class='ocrx_word' id='word_1_72' title='bbox 650 1063 713 1126; x_wconf 86' lang='lat' dir='ltr'>nisi</span> <span class='ocrx_word' id='word_1_73' title='bbox 740 1065 778 1125; x_wconf 91' lang='lat' dir='ltr'>nt</span> <span class='ocrx_word' id='word_1_74' title='bbox 804 1065 956 1145; x_wconf 87' lang='lat' dir='ltr'>appareat</span> <span class='ocrx_word' id='word_1_75' title='bbox 984 1061 1019 1125; x_wconf 93' lang='lat' dir='ltr'>in</span> <span class='ocrx_word' id='word_1_76' title='bbox 1048 1060 1138 1125; x_wconf 91' lang='lat' dir='ltr'>bono</span> 
     </span>
     <span class='ocr_line' id='line_1_11' title="bbox 123 1150 1182 1236; baseline -0.001 -20"><span class='ocrx_word' id='word_1_77' title='bbox 123 1153 268 1236; x_wconf 89' lang='lat' dir='ltr'>principe</span> <span class='ocrx_word' id='word_1_78' title='bbox 296 1152 449 1234; x_wconf 89' lang='lat' dir='ltr'>alienum,</span> <span class='ocrx_word' id='word_1_79' title='bbox 474 1151 509 1214; x_wconf 92' lang='lat' dir='ltr'>in</span> <span class='ocrx_word' id='word_1_80' title='bbox 535 1153 620 1214; x_wconf 88' lang='lat' dir='ltr'>malo</span> <span class='ocrx_word' id='word_1_81' title='bbox 648 1151 778 1235; x_wconf 88' lang='lat' dir='ltr'>falsum,</span> <span class='ocrx_word' id='word_1_82' title='bbox 807 1150 894 1234; x_wconf 91' lang='lat' dir='ltr'>quod</span> <span class='ocrx_word' id='word_1_83' title='bbox 920 1151 997 1214; x_wconf 90' lang='lat' dir='ltr'>licet</span> <span class='ocrx_word' id='word_1_84' title='bbox 1024 1171 1139 1215; x_wconf 92' lang='lat' dir='ltr'>omnes</span> <span class='ocrx_word' id='word_1_85' title='bbox 1154 1175 1182 1215; x_wconf 77' lang='lat' dir='ltr'>ro</span> 
     </span>
    </p>

    <p class='ocr_par' dir='ltr' id='par_1_5' title="bbox 72 1242 1180 1769">
     <span class='ocr_line' id='line_1_12' title="bbox 72 1242 1139 1411; baseline -0.002 -17"><span class='ocrx_word' id='word_1_86' title='bbox 72 1242 1139 1411; x_wconf 48' lang='grc' dir='ltr'>1ο1111111111,Π1111111111111161111111111111111111111111111111111111111111111111ζ</span> 
     </span>
     <span class='ocr_line' id='line_1_13' title="bbox 124 1417 1137 1502; baseline -0.002 -20"><span class='ocrx_word' id='word_1_87' title='bbox 124 1441 213 1482; x_wconf 90' lang='lat' dir='ltr'>mum</span> <span class='ocrx_word' id='word_1_88' title='bbox 233 1418 374 1482; x_wconf 89' lang='lat' dir='ltr'>dicatum</span> <span class='ocrx_word' id='word_1_89' title='bbox 393 1422 450 1502; x_wconf 91' lang='lat' dir='ltr'>est,</span> <span class='ocrx_word' id='word_1_90' title='bbox 468 1418 514 1481; x_wconf 92' lang='lat' dir='ltr'>ita</span> <span class='ocrx_word' id='word_1_91' title='bbox 532 1417 611 1482; x_wconf 88' lang='lat' dir='ltr'>haec</span> <span class='ocrx_word' id='word_1_92' title='bbox 630 1418 745 1500; x_wconf 90' lang='lat' dir='ltr'>optimi</span> <span class='ocrx_word' id='word_1_93' title='bbox 768 1418 940 1501; x_wconf 88' lang='lat' dir='ltr'>appellatio</span> <span class='ocrx_word' id='word_1_94' title='bbox 958 1439 1137 1500; x_wconf 88' lang='lat' dir='ltr'>numquam</span> 
     </span>
     <span class='ocr_line' id='line_1_14' title="bbox 123 1507 1138 1589; baseline -0.002 -18"><span class='ocrx_word' id='word_1_95' title='bbox 123 1508 296 1572; x_wconf 91' lang='lat' dir='ltr'>memoriae</span> <span class='ocrx_word' id='word_1_96' title='bbox 310 1508 478 1571; x_wconf 92' lang='lat' dir='ltr'>hominum</span> <span class='ocrx_word' id='word_1_97' title='bbox 493 1507 562 1571; x_wconf 90' lang='lat' dir='ltr'>sine</span> <span class='ocrx_word' id='word_1_98' title='bbox 575 1510 608 1571; x_wconf 93' lang='lat' dir='ltr'>te</span> <span class='ocrx_word' id='word_1_99' title='bbox 621 1509 770 1587; x_wconf 86' lang='lat' dir='ltr'>recurret,</span> <span class='ocrx_word' id='word_1_100' title='bbox 785 1507 997 1589; x_wconf 91' lang='lat' dir='ltr'>quotiensque</span> <span class='ocrx_word' id='word_1_101' title='bbox 1014 1507 1138 1589; x_wconf 87' lang='lat' dir='ltr'>posteri</span> 
     </span>
     <span class='ocr_line' id='line_1_15' title="bbox 123 1596 1180 1681; baseline 0 -21"><span class='ocrx_word' id='word_1_102' title='bbox 123 1597 225 1661; x_wconf 87' lang='lat' dir='ltr'>nostri</span> <span class='ocrx_word' id='word_1_103' title='bbox 254 1597 413 1680; x_wconf 90' lang='lat' dir='ltr'>optimum</span> <span class='ocrx_word' id='word_1_104' title='bbox 441 1597 581 1679; x_wconf 87' lang='lat' dir='ltr'>aliquem</span> <span class='ocrx_word' id='word_1_105' title='bbox 609 1616 723 1659; x_wconf 87' lang='lat' dir='ltr'>vocare</span> <span class='ocrx_word' id='word_1_106' title='bbox 752 1599 915 1681; x_wconf 81' lang='lat' dir='ltr'>cogentur,</span> <span class='ocrx_word' id='word_1_107' title='bbox 942 1596 1061 1660; x_wconf 85' lang='lat' dir='ltr'>totiens</span> <span class='ocrx_word' id='word_1_108' title='bbox 1087 1618 1138 1661; x_wconf 90' lang='lat' dir='ltr'>re·</span> <span class='ocrx_word' id='word_1_109' title='bbox 1153 1618 1180 1660; x_wconf 79' lang='lat'>15</span> 
     </span>
     <span class='ocr_line' id='line_1_16' title="bbox 124 1685 758 1769; baseline -0.002 -20"><span class='ocrx_word' id='word_1_110' title='bbox 124 1686 349 1768; x_wconf 88' lang='lat' dir='ltr'>cordabuntur,</span> <span class='ocrx_word' id='word_1_111' title='bbox 372 1685 444 1769; x_wconf 91' lang='lat' dir='ltr'>quis</span> <span class='ocrx_word' id='word_1_112' title='bbox 466 1685 619 1749; x_wconf 89' lang='lat' dir='ltr'>meruerit</span> <span class='ocrx_word' id='word_1_113' title='bbox 641 1685 758 1749; x_wconf 85' lang='lat' dir='ltr'>vocari.</span> 
     </span>
    </p>

    <p class='ocr_par' dir='ltr' id='par_1_6' title="bbox 72 1772 1138 2037">
     <span class='ocr_line' id='line_1_17' title="bbox 72 1772 1138 1859; baseline -0.001 -20"><span class='ocrx_word' id='word_1_114' title='bbox 72 1773 119 1839; x_wconf 80' lang='lat'>89</span> <span class='ocrx_word' id='word_1_115' title='bbox 192 1773 319 1849; x_wconf 82' lang='lat' dir='ltr'>Quanto</span> <span class='ocrx_word' id='word_1_116' title='bbox 338 1795 432 1856; x_wconf 91' lang='lat' dir='ltr'>nunc,</span> <span class='ocrx_word' id='word_1_117' title='bbox 451 1773 523 1838; x_wconf 89' lang='lat' dir='ltr'>dive</span> <span class='ocrx_word' id='word_1_118' title='bbox 541 1772 657 1856; x_wconf 87' lang='lat' dir='ltr'>Nerva,</span> <span class='ocrx_word' id='word_1_119' title='bbox 676 1774 793 1859; x_wconf 83' lang='lat' dir='ltr'>gaudio</span> <span class='ocrx_word' id='word_1_120' title='bbox 811 1774 936 1857; x_wconf 83' lang='lat' dir='ltr'>frueris,</span> <span class='ocrx_word' id='word_1_121' title='bbox 955 1794 1028 1837; x_wconf 87' lang='lat' dir='ltr'>curn</span> <span class='ocrx_word' id='word_1_122' title='bbox 1046 1772 1138 1838; x_wconf 82' lang='lat' dir='ltr'>vides</span> 
     </span>
     <span class='ocr_line' id='line_1_18' title="bbox 126 1862 1138 1946; baseline -0.001 -20"><span class='ocrx_word' id='word_1_123' title='bbox 126 1867 158 1926; x_wconf 90' lang='lat' dir='ltr'>et</span> <span class='ocrx_word' id='word_1_124' title='bbox 182 1886 250 1928; x_wconf 90' lang='lat' dir='ltr'>esse</span> <span class='ocrx_word' id='word_1_125' title='bbox 269 1864 427 1946; x_wconf 90' lang='lat' dir='ltr'>optimum</span> <span class='ocrx_word' id='word_1_126' title='bbox 452 1866 484 1926; x_wconf 90' lang='lat' dir='ltr'>et</span> <span class='ocrx_word' id='word_1_127' title='bbox 507 1862 578 1945; x_wconf 91' lang='lat' dir='ltr'>dici,</span> <span class='ocrx_word' id='word_1_128' title='bbox 598 1885 693 1946; x_wconf 92' lang='lat' dir='ltr'>quem</span> <span class='ocrx_word' id='word_1_129' title='bbox 712 1867 877 1946; x_wconf 89' lang='lat' dir='ltr'>tamquam</span> <span class='ocrx_word' id='word_1_130' title='bbox 897 1863 1055 1946; x_wconf 90' lang='lat' dir='ltr'>optimum</span> <span class='ocrx_word' id='word_1_131' title='bbox 1075 1863 1138 1926; x_wconf 90' lang='lat' dir='ltr'>ele-</span> 
     </span>
     <span class='ocr_line' id='line_1_19' title="bbox 125 1951 1138 2037; baseline 0.001 -23"><span class='ocrx_word' id='word_1_132' title='bbox 125 1953 214 2037; x_wconf 87' lang='lat' dir='ltr'>gisti!</span> <span class='ocrx_word' id='word_1_133' title='bbox 235 1974 331 2035; x_wconf 90' lang='lat' dir='ltr'>qnam</span> <span class='ocrx_word' id='word_1_134' title='bbox 350 1953 470 2016; x_wconf 86' lang='lat' dir='ltr'>laetum</span> <span class='ocrx_word' id='word_1_135' title='bbox 489 1951 558 2034; x_wconf 91' lang='lat' dir='ltr'>tibi,</span> <span class='ocrx_word' id='word_1_136' title='bbox 578 1952 665 2035; x_wconf 91' lang='lat' dir='ltr'>quod</span> <span class='ocrx_word' id='word_1_137' title='bbox 684 1955 885 2035; x_wconf 89' lang='lat' dir='ltr'>comparatus</span> <span class='ocrx_word' id='word_1_138' title='bbox 903 1952 972 2015; x_wconf 92' lang='lat' dir='ltr'>filio</span> <span class='ocrx_word' id='word_1_139' title='bbox 991 1955 1048 2014; x_wconf 91' lang='lat' dir='ltr'>tuo</span> <span class='ocrx_word' id='word_1_140' title='bbox 1067 1951 1138 2015; x_wconf 84' lang='lat' dir='ltr'>vin-</span> 
     </span>
    </p>

    <p class='ocr_par' dir='ltr' id='par_1_7' title="bbox 52 2034 1180 2214">
     <span class='ocr_line' id='line_1_20' title="bbox 52 2034 1180 2125; baseline 0.001 -20"><span class='ocrx_word' id='word_1_141' title='bbox 52 2034 57 2041; x_wconf 71' lang='grc'><strong>’</strong></span> <span class='ocrx_word' id='word_1_142' title='bbox 125 2042 217 2105; x_wconf 79' lang='lat' dir='ltr'>ceris!</span> <span class='ocrx_word' id='word_1_143' title='bbox 259 2039 373 2123; x_wconf 90' lang='lat' dir='ltr'>Neque</span> <span class='ocrx_word' id='word_1_144' title='bbox 401 2041 486 2103; x_wconf 88' lang='lat' dir='ltr'>enim</span> <span class='ocrx_word' id='word_1_145' title='bbox 514 2041 577 2103; x_wconf 92' lang='lat' dir='ltr'>alio</span> <span class='ocrx_word' id='word_1_146' title='bbox 605 2042 709 2125; x_wconf 83' lang='lat' dir='ltr'>magis</span> <span class='ocrx_word' id='word_1_147' title='bbox 737 2040 933 2124; x_wconf 86' lang='lat' dir='ltr'>approbatur</span> <span class='ocrx_word' id='word_1_148' title='bbox 960 2039 1059 2104; x_wconf 89' lang='lat' dir='ltr'>animi</span> <span class='ocrx_word' id='word_1_149' title='bbox 1087 2041 1137 2103; x_wconf 92' lang='lat' dir='ltr'>tui</span> <span class='ocrx_word' id='word_1_150' title='bbox 1152 2064 1180 2107; x_wconf 80' lang='lat' dir='ltr'>ao</span> 
     </span>
     <span class='ocr_line' id='line_1_21' title="bbox 124 2128 1138 2214; baseline 0.001 -22"><span class='ocrx_word' id='word_1_151' title='bbox 124 2129 323 2214; x_wconf 84' lang='lat' dir='ltr'>magnitudo,</span> <span class='ocrx_word' id='word_1_152' title='bbox 347 2151 443 2212; x_wconf 89' lang='lat' dir='ltr'>quam</span> <span class='ocrx_word' id='word_1_153' title='bbox 468 2128 553 2213; x_wconf 92' lang='lat' dir='ltr'>quod</span> <span class='ocrx_word' id='word_1_154' title='bbox 577 2131 717 2213; x_wconf 90' lang='lat' dir='ltr'>optimus</span> <span class='ocrx_word' id='word_1_155' title='bbox 740 2130 809 2213; x_wconf 89' lang='lat' dir='ltr'>ipse</span> <span class='ocrx_word' id='word_1_156' title='bbox 832 2152 898 2193; x_wconf 94' lang='lat' dir='ltr'>non</span> <span class='ocrx_word' id='word_1_157' title='bbox 920 2129 1058 2193; x_wconf 89' lang='lat' dir='ltr'>timuisti</span> <span class='ocrx_word' id='word_1_158' title='bbox 1082 2129 1138 2193; x_wconf 88' lang='lat' dir='ltr'>eli·</span> 
     </span>
    </p>

    <p class='ocr_par' dir='ltr' id='par_1_8' title="bbox 90 2216 1179 2748">
     <span class='ocr_line' id='line_1_22' title="bbox 90 2216 1138 2303; baseline -0.002 -21"><span class='ocrx_word' id='word_1_159' title='bbox 90 2235 200 2302; x_wconf 62' lang='grc'><strong>23111</strong></span> <span class='ocrx_word' id='word_1_160' title='bbox 232 2218 406 2281; x_wconf 90' lang='lat' dir='ltr'>meliorem.</span> <span class='ocrx_word' id='word_1_161' title='bbox 454 2216 516 2282; x_wconf 85' lang='lat' dir='ltr'>Sed</span> <span class='ocrx_word' id='word_1_162' title='bbox 548 2221 580 2282; x_wconf 89' lang='grc'>11</span> <span class='ocrx_word' id='word_1_163' title='bbox 612 2221 657 2301; x_wconf 90' lang='lat' dir='ltr'>tu,</span> <span class='ocrx_word' id='word_1_164' title='bbox 688 2223 780 2302; x_wconf 90' lang='lat' dir='ltr'>pater</span> <span class='ocrx_word' id='word_1_165' title='bbox 807 2218 950 2301; x_wconf 85' lang='lat' dir='ltr'>Traiane,</span> <span class='ocrx_word' id='word_1_166' title='bbox 981 2216 1069 2303; x_wconf 87' lang='lat' dir='ltr'>(nam</span> <span class='ocrx_word' id='word_1_167' title='bbox 1099 2221 1138 2281; x_wconf 91' lang='lat' dir='ltr'>tu</span> 
     </span>
     <span class='ocr_line' id='line_1_23' title="bbox 126 2306 1138 2390; baseline 0 -20"><span class='ocrx_word' id='word_1_168' title='bbox 126 2310 264 2390; x_wconf 80' lang='lat' dir='ltr'>quoque,</span> <span class='ocrx_word' id='word_1_169' title='bbox 287 2307 314 2371; x_wconf 93' lang='lat' dir='ltr'>si</span> <span class='ocrx_word' id='word_1_170' title='bbox 337 2328 403 2370; x_wconf 95' lang='lat' dir='ltr'>non</span> <span class='ocrx_word' id='word_1_171' title='bbox 426 2307 538 2389; x_wconf 92' lang='lat' dir='ltr'>sidera,</span> <span class='ocrx_word' id='word_1_172' title='bbox 560 2308 741 2390; x_wconf 86' lang='lat' dir='ltr'>proximam</span> <span class='ocrx_word' id='word_1_173' title='bbox 766 2311 875 2372; x_wconf 89' lang='lat' dir='ltr'>tamen</span> <span class='ocrx_word' id='word_1_174' title='bbox 900 2306 1056 2372; x_wconf 89' lang='lat' dir='ltr'>sideribus</span> <span class='ocrx_word' id='word_1_175' title='bbox 1081 2306 1138 2370; x_wconf 96' lang='lat' dir='ltr'>ob-</span> 
     </span>
     <span class='ocr_line' id='line_1_24' title="bbox 125 2392 1136 2481; baseline -0.001 -22"><span class='ocrx_word' id='word_1_176' title='bbox 125 2397 209 2460; x_wconf 92' lang='lat' dir='ltr'>tines</span> <span class='ocrx_word' id='word_1_177' title='bbox 233 2392 354 2481; x_wconf 85' lang='lat' dir='ltr'>sedem)</span> <span class='ocrx_word' id='word_1_178' title='bbox 379 2399 531 2478; x_wconf 89' lang='lat' dir='ltr'>quantam</span> <span class='ocrx_word' id='word_1_179' title='bbox 554 2397 692 2479; x_wconf 84' lang='lat' dir='ltr'>percipis</span> <span class='ocrx_word' id='word_1_180' title='bbox 714 2399 923 2480; x_wconf 88' lang='lat' dir='ltr'>voluptatem,</span> <span class='ocrx_word' id='word_1_181' title='bbox 947 2417 1020 2460; x_wconf 90' lang='lat' dir='ltr'>cum</span> <span class='ocrx_word' id='word_1_182' title='bbox 1043 2396 1136 2459; x_wconf 92' lang='lat' dir='ltr'>illum</span> 
     </span>
     <span class='ocr_line' id='line_1_25' title="bbox 126 2485 1179 2569; baseline 0.004 -22"><span class='ocrx_word' id='word_1_183' title='bbox 126 2485 306 2569; x_wconf 89' lang='lat' dir='ltr'>tribunum,</span> <span class='ocrx_word' id='word_1_184' title='bbox 333 2485 426 2548; x_wconf 91' lang='lat' dir='ltr'>illum</span> <span class='ocrx_word' id='word_1_185' title='bbox 453 2485 590 2548; x_wconf 91' lang='lat' dir='ltr'>militem</span> <span class='ocrx_word' id='word_1_186' title='bbox 618 2489 709 2549; x_wconf 90' lang='lat' dir='ltr'>tuum</span> <span class='ocrx_word' id='word_1_187' title='bbox 742 2489 868 2549; x_wconf 89' lang='lat' dir='ltr'>tantum</span> <span class='ocrx_word' id='word_1_188' title='bbox 900 2486 1137 2568; x_wconf 81' lang='lat' dir='ltr'>imperatorem,</span> <span class='ocrx_word' id='word_1_189' title='bbox 1152 2511 1179 2553; x_wconf 79' lang='lat' dir='ltr'>as</span> 
     </span>
     <span class='ocr_line' id='line_1_26' title="bbox 125 2573 1137 2658; baseline 0 -21"><span class='ocrx_word' id='word_1_190' title='bbox 125 2578 252 2637; x_wconf 92' lang='lat' dir='ltr'>tantum</span> <span class='ocrx_word' id='word_1_191' title='bbox 281 2573 460 2656; x_wconf 86' lang='lat' dir='ltr'>principem</span> <span class='ocrx_word' id='word_1_192' title='bbox 493 2575 595 2638; x_wconf 82' lang='lat' dir='ltr'>cernis</span> <span class='ocrx_word' id='word_1_193' title='bbox 626 2595 763 2658; x_wconf 91' lang='lat' dir='ltr'>cumque</span> <span class='ocrx_word' id='word_1_194' title='bbox 793 2597 841 2658; x_wconf 91' lang='lat' dir='ltr'>eo,</span> <span class='ocrx_word' id='word_1_195' title='bbox 874 2575 929 2657; x_wconf 91' lang='lat' dir='ltr'>qui</span> <span class='ocrx_word' id='word_1_196' title='bbox 961 2574 1137 2658; x_wconf 81' lang='lat' dir='ltr'>adoptavit,</span> 
     </span>
     <span class='ocr_line' id='line_1_27' title="bbox 125 2662 1137 2748; baseline 0.002 -23"><span class='ocrx_word' id='word_1_197' title='bbox 125 2662 318 2726; x_wconf 90' lang='lat' dir='ltr'>amicissime</span> <span class='ocrx_word' id='word_1_198' title='bbox 346 2663 521 2745; x_wconf 85' lang='lat' dir='ltr'>contendis,</span> <span class='ocrx_word' id='word_1_199' title='bbox 548 2663 713 2746; x_wconf 90' lang='lat' dir='ltr'>pulchrius</span> <span class='ocrx_word' id='word_1_200' title='bbox 740 2664 838 2727; x_wconf 83' lang='lat' dir='ltr'>fuerit</span> <span class='ocrx_word' id='word_1_201' title='bbox 864 2665 1013 2748; x_wconf 85' lang='lat' dir='ltr'>genuisse</span> <span class='ocrx_word' id='word_1_202' title='bbox 1038 2664 1137 2727; x_wconf 88' lang='lat' dir='ltr'>talem</span> 
     </span>
    </p>

    <p class='ocr_par' dir='ltr' id='par_1_9' title="bbox 91 2750 1179 3189">
     <span class='ocr_line' id='line_1_28' title="bbox 91 2750 1137 2838; baseline 0.002 -24"><span class='ocrx_word' id='word_1_203' title='bbox 91 2766 105 2814; x_wconf 82' lang='grc'>3</span> <span class='ocrx_word' id='word_1_204' title='bbox 126 2773 167 2815; x_wconf 89' lang='lat' dir='ltr'>an</span> <span class='ocrx_word' id='word_1_205' title='bbox 194 2752 340 2836; x_wconf 81' lang='lat' dir='ltr'>elegisse!</span> <span class='ocrx_word' id='word_1_206' title='bbox 381 2750 485 2815; x_wconf 88' lang='lat' dir='ltr'>Macte</span> <span class='ocrx_word' id='word_1_207' title='bbox 513 2755 647 2835; x_wconf 89' lang='lat' dir='ltr'>uterque</span> <span class='ocrx_word' id='word_1_208' title='bbox 673 2753 798 2838; x_wconf 86' lang='lat' dir='ltr'>ingenti</span> <span class='ocrx_word' id='word_1_209' title='bbox 825 2753 860 2817; x_wconf 93' lang='lat' dir='ltr'>in</span> <span class='ocrx_word' id='word_1_210' title='bbox 880 2774 949 2817; x_wconf 92' lang='lat' dir='ltr'>rem</span> <span class='ocrx_word' id='word_1_211' title='bbox 972 2752 1137 2836; x_wconf 89' lang='lat' dir='ltr'>publicam</span> 
     </span>
     <span class='ocr_line' id='line_1_29' title="bbox 124 2840 1138 2921; baseline 0.004 -19"><span class='ocrx_word' id='word_1_212' title='bbox 124 2840 248 2921; x_wconf 87' lang='lat' dir='ltr'>merite,</span> <span class='ocrx_word' id='word_1_213' title='bbox 278 2840 329 2903; x_wconf 91' lang='lat' dir='ltr'>cui</span> <span class='ocrx_word' id='word_1_214' title='bbox 356 2840 419 2904; x_wconf 94' lang='lat' dir='ltr'>hoc</span> <span class='ocrx_word' id='word_1_215' title='bbox 445 2844 571 2904; x_wconf 90' lang='lat' dir='ltr'>tantum</span> <span class='ocrx_word' id='word_1_216' title='bbox 600 2841 676 2905; x_wconf 87' lang='lat' dir='ltr'>boni</span> <span class='ocrx_word' id='word_1_217' title='bbox 700 2842 894 2906; x_wconf 83' lang='lat' dir='ltr'>contulistis!</span> <span class='ocrx_word' id='word_1_218' title='bbox 930 2841 1021 2906; x_wconf 91' lang='lat' dir='ltr'>Licet</span> <span class='ocrx_word' id='word_1_219' title='bbox 1043 2841 1138 2906; x_wconf 90' lang='lat' dir='ltr'>alteri</span> 
     </span>
     <span class='ocr_line' id='line_1_30' title="bbox 124 2929 1179 3014; baseline 0.007 -23"><span class='ocrx_word' id='word_1_220' title='bbox 124 2932 266 2992; x_wconf 83' lang='lat' dir='ltr'>vestrum</span> <span class='ocrx_word' id='word_1_221' title='bbox 288 2929 349 2992; x_wconf 88' lang='lat' dir='ltr'>filii</span> <span class='ocrx_word' id='word_1_222' title='bbox 372 2930 474 2993; x_wconf 81' lang='lat' dir='ltr'>virtus</span> <span class='ocrx_word' id='word_1_223' title='bbox 497 2930 714 3014; x_wconf 89' lang='lat' dir='ltr'>triumphalia,</span> <span class='ocrx_word' id='word_1_224' title='bbox 737 2931 860 2994; x_wconf 90' lang='lat' dir='ltr'>caelum</span> <span class='ocrx_word' id='word_1_225' title='bbox 889 2932 981 2994; x_wconf 88' lang='lat' dir='ltr'>alteri</span> <span class='ocrx_word' id='word_1_226' title='bbox 1005 2931 1136 3014; x_wconf 89' lang='lat' dir='ltr'>dederit,</span> <span class='ocrx_word' id='word_1_227' title='bbox 1151 2957 1179 2998; x_wconf 82' lang='lat' dir='ltr'>ao</span> 
     </span>
     <span class='ocr_line' id='line_1_31' title="bbox 124 3017 1137 3103; baseline 0.003 -23"><span class='ocrx_word' id='word_1_228' title='bbox 124 3039 190 3080; x_wconf 91' lang='lat' dir='ltr'>non</span> <span class='ocrx_word' id='word_1_229' title='bbox 217 3017 322 3080; x_wconf 91' lang='lat' dir='ltr'>minor</span> <span class='ocrx_word' id='word_1_230' title='bbox 349 3021 458 3082; x_wconf 90' lang='lat' dir='ltr'>tamen</span> <span class='ocrx_word' id='word_1_231' title='bbox 486 3023 592 3082; x_wconf 89' lang='lat' dir='ltr'>vestra</span> <span class='ocrx_word' id='word_1_232' title='bbox 621 3021 700 3103; x_wconf 89' lang='lat' dir='ltr'>laus,</span> <span class='ocrx_word' id='word_1_233' title='bbox 731 3019 816 3102; x_wconf 90' lang='lat' dir='ltr'>quod</span> <span class='ocrx_word' id='word_1_234' title='bbox 846 3020 908 3084; x_wconf 85' lang='lat' dir='ltr'>ista</span> <span class='ocrx_word' id='word_1_235' title='bbox 937 3042 994 3103; x_wconf 85' lang='lat' dir='ltr'>per</span> <span class='ocrx_word' id='word_1_236' title='bbox 1022 3019 1137 3103; x_wconf 90' lang='lat' dir='ltr'>filium,</span> 
     </span>
     <span class='ocr_line' id='line_1_32' title="bbox 124 3107 585 3189; baseline 0.004 -20"><span class='ocrx_word' id='word_1_237' title='bbox 124 3128 220 3189; x_wconf 92' lang='lat' dir='ltr'>quam</span> <span class='ocrx_word' id='word_1_238' title='bbox 245 3107 272 3170; x_wconf 92' lang='lat' dir='ltr'>si</span> <span class='ocrx_word' id='word_1_239' title='bbox 295 3107 357 3189; x_wconf 90' lang='lat' dir='ltr'>ipsi</span> <span class='ocrx_word' id='word_1_240' title='bbox 380 3107 585 3171; x_wconf 88' lang='lat' dir='ltr'>meruissetis.</span> 
     </span>
    </p>

    <p class='ocr_par' dir='ltr' id='par_1_10' title="bbox 71 3193 1136 3372">
     <span class='ocr_line' id='line_1_33' title="bbox 71 3193 1136 3281; baseline 0.004 -23"><span class='ocrx_word' id='word_1_241' title='bbox 71 3193 119 3258; x_wconf 78' lang='lat'>90</span> <span class='ocrx_word' id='word_1_242' title='bbox 192 3193 274 3279; x_wconf 80' lang='lat' dir='ltr'>Scio,</span> <span class='ocrx_word' id='word_1_243' title='bbox 293 3198 400 3279; x_wconf 88' lang='lat' dir='ltr'>patres</span> <span class='ocrx_word' id='word_1_244' title='bbox 420 3197 601 3280; x_wconf 91' lang='lat' dir='ltr'>conscripti,</span> <span class='ocrx_word' id='word_1_245' title='bbox 621 3218 693 3260; x_wconf 93' lang='lat' dir='ltr'>cum</span> <span class='ocrx_word' id='word_1_246' title='bbox 713 3201 836 3262; x_wconf 89' lang='lat' dir='ltr'>ceteros</span> <span class='ocrx_word' id='word_1_247' title='bbox 855 3198 939 3262; x_wconf 86' lang='lat' dir='ltr'>cives</span> <span class='ocrx_word' id='word_1_248' title='bbox 958 3201 1027 3261; x_wconf 87' lang='lat' dir='ltr'>turn</span> <span class='ocrx_word' id='word_1_249' title='bbox 1045 3219 1136 3281; x_wconf 85' lang='lat' dir='ltr'>prae-</span> 
     </span>
     <span class='ocr_line' id='line_1_34' title="bbox 125 3284 1136 3372; baseline 0.002 -24"><span class='ocrx_word' id='word_1_250' title='bbox 125 3284 218 3366; x_wconf 90' lang='lat' dir='ltr'>cipue</span> <span class='ocrx_word' id='word_1_251' title='bbox 242 3285 388 3348; x_wconf 88' lang='lat' dir='ltr'>consules</span> <span class='ocrx_word' id='word_1_252' title='bbox 412 3288 560 3368; x_wconf 89' lang='lat' dir='ltr'>oportere</span> <span class='ocrx_word' id='word_1_253' title='bbox 583 3287 628 3350; x_wconf 89' lang='lat' dir='ltr'>sic</span> <span class='ocrx_word' id='word_1_254' title='bbox 651 3286 747 3369; x_wconf 84' lang='lat' dir='ltr'>affici,</span> <span class='ocrx_word' id='word_1_255' title='bbox 769 3291 806 3350; x_wconf 92' lang='lat' dir='ltr'>ut</span> <span class='ocrx_word' id='word_1_256' title='bbox 829 3309 862 3351; x_wconf 92' lang='lat' dir='ltr'>se</span> <span class='ocrx_word' id='word_1_257' title='bbox 884 3287 1013 3370; x_wconf 89' lang='lat' dir='ltr'>publice</span> <span class='ocrx_word' id='word_1_258' title='bbox 1031 3287 1136 3372; x_wconf 80' lang='lat' dir='ltr'>magis</span> 
     </span>
    </p>

    <p class='ocr_par' dir='ltr' id='par_1_11' title="bbox 87 3373 1176 3459">
     <span class='ocr_line' id='line_1_35' title="bbox 87 3373 1176 3459; baseline 0.006 -25"><span class='ocrx_word' id='word_1_259' title='bbox 87 3387 104 3433; x_wconf 75' lang='lat' dir='ltr'>a</span> <span class='ocrx_word' id='word_1_260' title='bbox 125 3394 220 3455; x_wconf 87' lang='lat' dir='ltr'>quam</span> <span class='ocrx_word' id='word_1_261' title='bbox 239 3373 393 3455; x_wconf 85' lang='lat' dir='ltr'>privatim</span> <span class='ocrx_word' id='word_1_262' title='bbox 417 3373 577 3459; x_wconf 85' lang='lat' dir='ltr'>obligatos</span> <span class='ocrx_word' id='word_1_263' title='bbox 600 3379 722 3458; x_wconf 90' lang='lat' dir='ltr'>putent.</span> <span class='ocrx_word' id='word_1_264' title='bbox 758 3374 805 3439; x_wconf 91' lang='lat' dir='ltr'>Ut</span> <span class='ocrx_word' id='word_1_265' title='bbox 824 3377 908 3439; x_wconf 92' lang='lat' dir='ltr'>enim</span> <span class='ocrx_word' id='word_1_266' title='bbox 927 3376 1029 3439; x_wconf 91' lang='lat' dir='ltr'>malos</span> <span class='ocrx_word' id='word_1_267' title='bbox 1048 3377 1135 3459; x_wconf 94' lang='lat' dir='ltr'>prin·</span> <span class='ocrx_word' id='word_1_268' title='bbox 1150 3401 1176 3442; x_wconf 79' lang='lat' dir='ltr'>es</span> 
     </span>
    </p>
   </div>
   <div class='ocr_carea' id='block_1_3' title="bbox 164 3568 882 3647">
    <p class='ocr_par' dir='ltr' id='par_1_12' title="bbox 164 3568 882 3647">
     <span class='ocr_line' id='line_1_36' title="bbox 164 3568 882 3647; baseline -0.028 -7"><span class='ocrx_word' id='word_1_269' title='bbox 164 3570 184 3617; x_wconf 78' lang='lat'><strong><em>⁶</em></strong></span> <span class='ocrx_word' id='word_1_270' title='bbox 203 3570 312 3638; x_wconf 72' lang='lat' dir='ltr'>01&gt;th</span> <span class='ocrx_word' id='word_1_271' title='bbox 331 3573 465 3647; x_wconf 88' lang='lat' dir='ltr'>nomine,</span> <span class='ocrx_word' id='word_1_272' title='bbox 487 3574 599 3632; x_wconf 89' lang='lat' dir='ltr'>deinde</span> <span class='ocrx_word' id='word_1_273' title='bbox 618 3590 698 3630; x_wconf 80' lang='lat' dir='ltr'>max.</span> <span class='ocrx_word' id='word_1_274' title='bbox 718 3569 823 3628; x_wconf 76' lang='lat' dir='ltr'>ooliuu</span> <span class='ocrx_word' id='word_1_275' title='bbox 845 3568 882 3622; x_wconf 84' lang='lat' dir='ltr'>A.</span> 
     </span>
    </p>
   </div>
   <div class='ocr_carea' id='block_1_4' title="bbox 0 0 1258 3862">
    <p class='ocr_par' dir='ltr' id='par_1_13' title="bbox 0 0 1258 3862">
     <span class='ocr_line' id='line_1_37' title="bbox 0 0 1258 3862; baseline 0 0"><span class='ocrx_word' id='word_1_276' title='bbox 0 0 1258 3862; x_wconf 95' lang='lat' dir='ltr'> </span> 
     </span>
    </p>
   </div>
  </div>
 </body>
</html>
