2506 3862
568 182 596 238 C.
615 182 714 237 PLINI

607 353 669 412 XX.

318 453 347 501 G.
370 454 510 502 PLINIUS
536 453 711 502 CORNELIO
735 452 823 500 URSO
848 452 913 499 SUO
938 451 963 499 S.

50 591 52 595 ,
99 562 112 608 1
201 541 323 608 Iterum
350 542 497 627 Bithyni!
525 544 621 608 breve
649 546 776 626 tempus
804 563 823 605 a
854 540 938 606 lulio
970 540 1082 623 Basso,
1114 544 1148 603 et

133 632 256 696 Rufum
288 631 452 697 Varenum
488 634 713 717 proconsulem
745 630 941 714 detulerunt,
973 628 1148 712 Varenum,

134 743 229 806 quem
243 743 346 805 nuper
363 722 513 787 adversus
531 721 668 786 Bassum
687 721 876 786 advocatum
895 724 927 784 et
945 721 1148 803 postularant
1176 745 1189 786 o

98 829 114 877 a
134 815 167 876 et
185 814 381 894 acceperant.
409 809 537 876 Inducti
556 812 591 875 in
609 814 755 875 senatum
774 809 1018 891 inquisitionem
1036 812 1147 892 postu-

132 901 288 964 laverimt.
335 898 481 964 Varenus
509 899 612 984 petiit,
640 903 677 964 ut
704 898 767 963 sibi
794 919 922 981 quoque
952 897 1147 962 defensionis

134 1010 229 1054 causa
265 1010 397 1053 evocare
433 992 532 1052 testes
573 989 697 1073 liceret3
732 986 953 1051 recusantibus
995 986 1147 1069 Bithynis

134 1079 277 1163 cognitio
314 1080 462 1161 suscepta
499 1082 555 1142 est.
612 1076 677 1162 Egi
713 1099 772 1160 pro
809 1074 937 1140 Vareno
974 1097 1041 1139 non
1077 1076 1147 1138 sine

99 1170 263 1252 aeventu3
286 1188 370 1250 nam,
393 1166 474 1230 bene
502 1189 544 1231 an
570 1168 663 1251 male,
691 1166 773 1230 liber
800 1165 964 1229 indicabit.
1009 1162 1048 1228 ln
1070 1164 1147 1228 acti·
1164 1192 1190 1231 ιο

135 1256 251 1321 onibus
275 1255 360 1319 enim
382 1259 552 1339 utramque
578 1257 612 1320 in
639 1259 762 1339 partem
791 1254 921 1319 fortuna
950 1253 1147 1338 dominatum

133 1345 272 1408 multum
296 1344 584 1409 commendationis
603 1348 634 1409 et
654 1343 793 1408 detrahit
811 1346 843 1406 et
862 1343 965 1406 adfert
983 1343 1149 1424 memoria,

133 1455 206 1516 vox,
237 1437 358 1518 gestus,
388 1438 515 1518 tempus
548 1434 664 1517 ipsum,
696 1435 860 1516 postremo
892 1433 944 1495 vel
976 1454 1067 1496 amor
1095 1430 1148 1495 vel

134 1521 244 1587 odium
267 1523 327 1608 rei3
349 1522 432 1586 liber
455 1523 593 1607 offensis,
612 1522 695 1587 liber
717 1522 830 1606 gratia,
847 1521 930 1585 liber
948 1524 980 1585 et
999 1519 1147 1585 secundis

98 1611 260 1676 sensibus
293 1615 326 1677 et
357 1612 496 1676 adversis
534 1615 628 1676 caret.
664 1610 844 1694 Respondit
880 1608 961 1673 mihi
993 1609 1147 1674 Fonteius
1163 1635 1190 1676 ιε

134 1700 281 1786 Magnus,
304 1723 387 1765 unus
407 1723 445 1765 ex
464 1700 624 1785 Bithynis,
642 1699 790 1784 plurimis
809 1698 925 1782 verbis,
943 1698 1147 1782 paucissimis

133 1790 238 1854 rebus.
278 1790 339 1854 Est
361 1788 523 1874 plerisque
548 1788 740 1862 Graecorum
763 1793 801 1853 ut
823 1789 872 1852 illi
894 1810 953 1871 pro
978 1787 1071 1871 copia
1093 1808 1147 1850 vo-

133 1878 293 1964 lubilitas3
325 1882 392 1942 tam
423 1878 537 1964 longas
569 1883 700 1962 tamque
731 1877 865 1963 frigidas
897 1876 1047 1960 periodos
1081 1898 1147 1940 nno

99 1968 252 2050 espiritu
276 1968 368 2050 quasi
391 1971 532 2032 torrente
556 1970 777 2051 contorquent.
814 1965 927 2050 Itaque
950 1964 1052 2030 Iulius
1068 1962 1147 2029 Can—

136 2055 228 2119 didus
255 2077 322 2119 non
348 2056 516 2120 invenuste
545 2058 627 2121 solet
655 2057 759 2120 dicere
787 2055 875 2120 aliud
902 2077 971 2119 esse
996 2056 1146 2138 eloquen·
1162 2079 1191 2120 io

134 2144 223 2226 tiam,
247 2143 335 2208 aliud
356 2144 563 2228 loquentiam.
608 2144 693 2210 Nam
717 2144 902 2227 eloquentia
928 2144 983 2207 vix
1010 2145 1149 2208 uniant

70 2316 73 2321 .
135 2233 237 2316 alteri,
269 2233 378 2317 immo,
410 2235 438 2297 si
469 2233 511 2298 M.
539 2232 683 2299 Antonio
717 2234 883 2317 eredimus,
910 2233 1040 2316 nemini,
1069 2231 1148 2296 haec

134 2344 220 2407 vero,
240 2344 336 2406 quam
355 2320 516 2387 Candidus
533 2323 733 2407 loquentiam
753 2323 902 2407 appellat,
921 2321 1032 2387 multis
1052 2325 1148 2404 atque

100 2429 116 2476 a
135 2412 232 2476 etiam
251 2411 519 2496 inpudentissimo
539 2414 654 2495 cuique
672 2411 811 2476 maxime
830 2412 976 2496 contigit.
1013 2411 1147 2475 Postero

135 2501 187 2566 die
210 2501 292 2565 dixit
315 2523 373 2585 pro
397 2500 525 2565 Vareno
548 2500 721 2565 Homullus
751 2500 874 2583 callide,
902 2501 1025 2583 acriter,
1053 2500 1147 2582 culte,
1162 2524 1190 2565 rs

136 2595 248 2655 contra
283 2590 439 2674 Nigrinus
481 2612 605 2674 presse,
645 2589 799 2676 grauiter,
837 2594 955 2671 ornate.
1016 2587 1148 2654 Censuit
1186 2648 1188 2652 Α

135 2678 260 2744 Acilius
275 2678 388 2762 Rufus,
403 2680 515 2743 consul
530 2679 724 2765 designatus,
739 2679 983 2764 inquisitionem
996 2677 1148 2761 Bithynis

103 2785 117 2833 7
137 2767 282 2851 dandam,
301 2769 552 2851 postulationem
572 2767 692 2832 Vareni
710 2769 838 2833 silentio
856 2767 1029 2852 praeteriit.
1058 2766 1148 2833 Haec

135 2857 240 2919 forma
266 2857 406 2942 negandi
432 2856 502 2921 fuit.
549 2854 716 2921 Cornelius
748 2858 876 2922 Priscus
908 2858 1083 2922 consularis
1116 2861 1148 2921 et

137 2945 385 3029 accusatoribus,
418 2967 498 3029 quae
530 2945 692 3029 petebant,
724 2950 756 3010 et
783 2968 838 3010 reo
865 2946 979 3010 tribuit
1006 2946 1148 3028 vicitque
1162 2970 1190 3011 so

135 3055 279 3097 numero.
324 3032 572 3117 Impetravimus
603 3057 671 3099 rem
704 3057 763 3100 nec
794 3034 865 3120 lege
897 3033 1148 3119 conprehensam

101 3139 196 3187 anec
219 3123 296 3186 satis
319 3125 481 3206 usitatam,
503 3124 621 3188 iustam
644 3128 759 3188 tamen.
806 3121 909 3199 Quare
932 3125 1060 3207 iustam,
1081 3145 1148 3187 non

208 3357 223 3404 2
244 3350 371 3405 Cornelio
390 3369 423 3404 ex
441 3352 516 3406 Ricc.
536 3352 600 3406 add.
673 3357 689 3404 3
707 3351 812 3405 Iterum
829 3350 946 3418 Bithyni
964 3349 1046 3404 breve
1060 3351 1080 3402 t.
1096 3349 1147 3403 al.

133 3423 223 3475 Basso
243 3423 329 3476 etiam
348 3421 411 3474 auf.
434 3423 541 3489 Catari„
560 3424 629 3477 KJ.
710 3422 818 3491 tpetit
837 3422 986 3491 MDpra,
1005 3423 1073 3475 K.I.
1101 3422 1149 3476 Aa

107 3505 144 3550 st·
156 3496 200 3540 M,
213 3497 237 3543 ὅ.
261 3524 294 3531 -
314 3492 375 3546 sibi
393 3493 520 3564 undique
535 3496 579 3563 M,
599 3492 722 3551 invicem
737 3512 762 3550 o.
774 3494 875 3563 utique
887 3494 958 3549 caat.
977 3493 1073 3563 Stouqt
1087 3497 1147 3548 676.

100 3557 143 3601 18
152 3559 319 3618 perihodos
336 3565 384 3633 M,
398 3567 439 3621 K.
445 3569 474 3624 L
