2506 3862
543 213 571 268 O.
590 213 688 267 PLINI

558 381 667 440 XVIII.

223 485 250 532 ο.
273 482 412 531 samius
438 482 612 531 suarouro
637 481 863 542 remquraao
888 480 955 529 suo
979 479 1007 528 e.

72 594 87 641 1
174 573 354 639 Scribiste
321 567 586 656 tperterritum
611 573 736 636 somnio
759 571 875 655 vereri,
898 593 938 634 ne
964 568 1045 654 quid
1066 568 1122 633 ad·

24 708 32 725 .
106 665 191 730 versi
217 664 252 727 in
278 663 405 727 actione
432 662 578 745 patiaris,
606 665 775 747 rogas,ut
737 622 985 726 utdilalionem
1010 662 1122 743 petam

107 758 139 819 et
165 753 320 838 pauculos
346 751 427 851 dies,
455 755 539 815 certe
561 751 758 835 proximum,
782 770 939 814 excusem.
976 747 1123 814 Difficile
1149 774 1161 815 s

107 847 164 927 est,
141 842 238 907 sed
259 861 417 924 experrar
440 837 515 903 καὶ
539 838 663 923 γαρτ
688 837 825 922 druo’
808 861 848 903 εκ
866 840 965 914 Διός
988 834 1122 903 ἐστιν

73 894 259 996 2Relertt
261 951 367 1011 amen,
395 931 546 992 eventura
574 928 676 993 soleas
704 951 746 991 an
769 925 928 991 contraria
951 925 1122 991 somniare.

107 1020 190 1084 Mihi
215 1041 272 1103 rep
274 1018 378 1082 utenti
406 1016 567 1080 somnium
595 1039 702 1081 meum
726 1017 820 1101 istud,
844 1015 931 1100 quod
952 1015 1049 1079 times
1077 1020 1124 1100 tu,

74 1108 270 1194 segregiam
302 1109 353 1170 aot
354 1107 461 1170 ionem
486 1105 686 1207 portendere
722 1105 856 1170 videtur
909 1101 1124 1188 Susceperam

109 1219 237 1263 causam
264 1194 337 1259 Iuni
368 1193 446 1258 Past
432 1195 524 1278 toris,
556 1215 629 1258 cum
659 1194 740 1258 mihi
770 1193 947 1277 quiescenti
973 1192 1043 1257 visa
1073 1197 1125 1259 est
1139 1219 1164 1261 ιι

110 1307 220 1352 socrus
250 1306 322 1349 mea
351 1284 501 1349 advoluta
467 1282 679 1369 tgenibus,
709 1304 749 1347 ne
776 1304 917 1368 agerem,
945 1281 1124 1347 obsecrare

59 1406 63 1415 ·
109 1375 154 1439 Et
181 1396 267 1439 eram
295 1376 423 1436 acturus
451 1373 635 1437 adulescens
635 1373 708 1436 ulus
737 1372 849 1454 adhuc,
878 1393 964 1436 eram
987 1370 1023 1435 in
1045 1393 1124 1455 qua·

111 1463 248 1546 druplici
280 1461 411 1544 iudicio,
444 1483 532 1525 eram
565 1465 675 1524 contra
706 1460 949 1545 potentissimos
980 1459 1124 1526 civitatis

111 1557 207 1635 atque
235 1551 331 1614 etiam
365 1548 506 1615 Caesaris
535 1549 668 1634 amicos,
701 1571 783 1633 quae
815 1550 943 1635 singula
974 1553 1125 1614 excutere

76 1645 252 1706 ementem
274 1639 355 1703 mihi
377 1644 452 1724 post
474 1643 542 1704 tam
564 1639 656 1703 triste
680 1638 839 1702 somnium
862 1641 1020 1722 poterant.
1056 1637 1124 1725 Egi
1139 1665 1164 1707 ιι

111 1735 220 1795 tamen
242 1728 457 1814 λογισάμενος
480 1727 576 1792 illud:

113 1828 194 1914 Ἓῖς
221 1837 361 1912 οἰωνὸς
388 1836 550 1919 ἄριστος
578 1833 806 1917 ἀμύνασθαι
832 1831 922 1917 περὶ
953 1832 1124 1918 uoluens?

112 1941 198 2006 Nam
226 1942 306 2005 mihi
333 1941 449 2023 patria,
477 1944 509 2004 et
537 1940 564 2004 si
592 1940 669 2024 quid
697 1940 813 2023 carius,
840 1939 919 2004 fides
946 1939 1125 2005 videbatur.

113 2029 268 2112 Prospere
292 2029 396 2111 cessit,
424 2032 520 2111 atque
543 2029 621 2092 adeo
649 2029 705 2093 illa
732 2028 817 2093 actio
844 2029 925 2092 mihi
952 2051 1044 2094 aures
1068 2029 1126 2096 ho·

80 2136 95 2184 5
115 2119 247 2201 minum,
270 2118 326 2181 illa
348 2117 477 2181 ianuam
500 2117 603 2181 famae
626 2118 786 2200 patefecit,
831 2116 970 2183 Proinde
993 2118 1126 2203 dispice,
1139 2146 1165 2187 ιο

114 2230 156 2271 ιιι
178 2210 215 2270 tu
238 2227 365 2290 quoque
386 2206 446 2269 sub
469 2205 532 2270 hoc
555 2207 701 2290 exemplo
721 2207 882 2271 somnium
906 2206 994 2271 istud
1016 2208 1051 2271 in
1069 2207 1126 2273 bo-

115 2318 193 2360 num
211 2299 325 2377 vertas,
349 2298 412 2379 aut,
431 2295 459 2359 si
482 2295 583 2359 tutius
606 2298 701 2377 putas
724 2294 805 2358 illud
824 2296 1001 2360 cautissimi
1020 2297 1126 2362 cuius·

116 2407 178 2469 que
200 2387 418 2467 praeceptum:
447 2382 552 2460 ‘Quod
575 2383 709 2462 dubites,
733 2405 773 2448 ne
795 2384 930 2468 feceris’,
956 2385 990 2448 id
1017 2385 1126 2470 ipsum

81 2474 259 2540 crescribe.
310 2472 381 2558 Ego
412 2473 552 2556 aliquam
581 2472 747 2556 stropham
774 2473 935 2538 inveniam
967 2494 1126 2559 agamque

115 2584 243 2627 causam
270 2564 437 2645 tuam,ut
399 2561 568 2647 iupsam
597 2583 690 2648 agere
712 2565 761 2644 tu,
790 2583 863 2625 cum
885 2561 988 2645 voles,
1010 2564 1125 2647 possis.
1140 2589 1165 2631 ιι

115 2650 176 2715 Est
162 2653 283 2715 tenim
307 2673 382 2715 sane
405 2651 468 2714 alia
489 2651 572 2715 ratio
596 2654 661 2732 tua,
684 2651 747 2714 alia
769 2673 840 2715 mea
861 2651 933 2715 fuit.
968 2649 1087 2716 Nam
1078 2676 1126 2716 ιιι-

118 2738 237 2802 dicium
265 2739 492 2805 centumvirale
521 2740 640 2804 differri
667 2740 756 2804 nullo
783 2740 893 2824 modo,
920 2740 1008 2804 istud
1030 2763 1126 2828 aegre

116 2827 253 2911 quidem,
276 2828 367 2892 sedt
353 2833 461 2892 tamen
483 2831 598 2913 potest.
576 2827 733 2893 t.Vale

581 2993 659 3052 XIX.

299 3092 325 3140 o.
349 3093 486 3142 surmus
510 3093 668 3142 ιιοιιιιιο
692 3092 801 3140 mano
826 3092 893 3141 suo
918 3093 944 3141 s.
1139 3104 1166 3145 ιο

83 3199 96 3247 1
182 3181 349 3266 Municeps
376 3186 412 3246 tu
439 3205 529 3247 meus
556 3186 589 3248 et
617 3183 853 3266 condiscipulus
877 3187 909 3247 et
931 3183 971 3247 ab
995 3184 1127 3251 ineunte

117 3274 223 3336 aetate
246 3271 496 3356 contubernalis,
523 3275 614 3357 pater
636 3276 710 3337 tuus
734 3275 765 3336 et
789 3271 884 3336 matri
912 3277 944 3338 et
966 3276 1126 3341 avunculo

117 3382 197 3443 meo,
220 3360 301 3423 mihi
324 3360 429 3438 etiam,
453 3365 608 3443 quantum
627 3364 698 3425 aeta
699 3361 741 3424 tis
765 3361 932 3426 diversitas
955 3383 1051 3446 passa
1069 3368 1128 3449 est,

190 3524 204 3570 6
224 3519 305 3572 Hom
197 3478 347 3570 ——A
362 3520 406 3570 63.
461 3523 493 3570 17
514 3519 594 3574 Hom.
611 3520 649 3573 M
658 3521 721 3573 243
776 3518 836 3571 25·
828 3534 920 3589 1psam
933 3520 1043 3589 Dpru,
1054 3520 1091 3575 X.
1101 3522 1128 3589 1,

117 3587 202 3642 istam
220 3589 258 3642 K
264 3590 306 3656 II,
324 3588 380 3642 ista
398 3589 429 3643 F
441 3589 517 3645 Ricc.
