2506 3862
152 205 195 270 62
588 202 615 258 C.
635 203 733 258 PLINI

116 471 132 519 9
151 391 449 523 dddlerdiiltidiludirnte
462 373 571 522 liiddiln
590 373 674 522 ibddr
681 367 982 541 adpsdicsiritusildiiuid1
983 371 1168 540 sirannpidiatdi

151 570 219 611 rem
243 544 332 634 (nam
350 548 404 612 ille
424 568 551 631 quoque
569 546 719 611 noctibus
738 544 909 633 utebatur),
932 545 1006 609 inde
1025 545 1066 609 ad
1084 545 1168 610 dele-

152 640 263 723 gatum
287 636 349 701 sibi
368 636 520 701 officium.
553 634 711 700 Reversus
735 636 876 718 domum,
900 635 987 718 quod
1005 635 1167 719 reliquum

99 739 133 788 10
151 727 377 810 temporis,t
348 726 461 790 studiis
489 724 650 790 reddebat.
695 723 774 790 Post
802 724 910 790 cibum
934 746 1041 808 saepe,
1070 746 1167 807 quem
1195 750 1207 790 s

151 815 291 880 interdiu
300 816 404 879 levem
419 819 451 879 et
437 815 592 879 tfacilem
606 819 750 879 veterum
764 836 853 878 more
868 814 1023 896 sumebat,
1037 816 1168 896 aestate,

152 905 179 968 si
203 904 281 987 quid
304 904 371 988 otii,
394 903 576 969 iacebatin
595 905 670 987 sole,
693 904 776 968 liber
792 901 921 989 legebat
922 925 969 986 ur,
992 863 1173 967 adnotabat

153 993 343 1076 excerpebat
345 1015 414 1077 que.
445 990 538 1056 Nihil
556 993 641 1057 enim
659 954 749 1079 legit,
772 992 858 1076 quod
880 1012 947 1055 non
970 995 1167 1076 excerperet3

151 1082 256 1146 dicere
279 1082 376 1146 etiam
400 1083 523 1148 solebat
549 1084 675 1147 nullum
703 1104 771 1146 esse
798 1081 917 1146 librum
945 1084 1012 1145 tam
1035 1082 1168 1164 malum,

98 1183 130 1232 11
150 1175 187 1235 ut
209 1192 275 1234 non
297 1171 405 1254 aliqua
427 1176 517 1256 parte
539 1172 713 1254 prodesset.
748 1169 827 1236 Post
854 1171 955 1234 solem
977 1170 1167 1253 plerumque
1182 1196 1208 1235 ιο

150 1259 268 1346 frigida
289 1260 471 1343 lavabatur,
499 1260 611 1325 deinde
635 1259 786 1346 gustabat
808 1259 1050 1341 dormiebatque
1073 1259 1167 1322 mini-

151 1371 254 1433 mum,
286 1370 362 1412 mox
390 1351 481 1433 quasi
508 1350 572 1414 alio
601 1349 651 1413 die
682 1349 831 1414 studebat
853 1348 888 1413 in
911 1370 1006 1413 cenae
1030 1352 1167 1432 tempus.

153 1435 256 1521 Super
272 1437 355 1502 hanc
373 1438 455 1502 liber
472 1439 648 1524 legebatur,
671 1438 885 1502 adnotabatur
903 1441 935 1501 et
954 1437 1082 1520 quidem
1098 1458 1167 1501 cur-

100 1540 132 1588 12
152 1526 222 1590 sim.
251 1525 386 1590 Memini
405 1527 563 1610 quendam
587 1549 627 1591 ex
649 1527 770 1611 amicis,
793 1549 866 1592 cum
889 1527 991 1592 lector
1010 1525 1165 1609 quaedam

150 1637 318 1699 perperam
345 1615 596 1700 pronuntiasset,
628 1638 792 1681 revocasse
821 1620 853 1681 et
879 1616 982 1700 repeti
1011 1615 1207 1700 co’e'gisse3rs

151 1704 228 1770 huic
250 1707 444 1771 avrmculum
478 1729 586 1770 meum
618 1705 749 1770 dixisse:
782 1703 1001 1769 Intellexeras
1028 1702 1166 1787 nempe'.

152 1792 233 1858 Cum
247 1795 302 1858 ille
316 1795 487 1878 adnuisse,
507 1792 584 1859 Gur
597 1817 673 1897 ergo
688 1794 882 1860 revocabas?
900 1794 1008 1859 decem
1027 1793 1166 1876 amplius

100 1895 132 1944 ιι
152 1905 262 1947 versus
284 1883 346 1949 hac
368 1888 424 1948 tua
446 1885 639 1985 interpellat
630 1906 703 1949 rone
726 1883 944 1969 perdidimus?
976 1881 1079 1945 Tanta
1045 1885 1167 1946 terat

151 1971 347 2055 parsimonia
376 1973 539 2073 temporis.
585 1972 744 2059 Surgebat
773 1976 860 2037 aesta
861 1975 893 2036 te
925 1994 944 2035 a
977 1992 1054 2036 cena
1083 1971 1166 2054 luce,

151 2059 257 2123 hieme
286 2059 371 2125 intra
400 2061 537 2162 primam
566 2064 671 2127 noctis
701 2066 734 2127 et
763 2067 928 2146 tamquam
958 2060 1065 2143 aliqua
1093 2061 1166 2146 lege
1181 2087 1207 2127 ιο

152 2153 295 2234 cogente.
255 2148 480 2214 teHaect
431 2154 480 2213 mt
482 2172 515 2214 er
533 2151 654 2215 medios
673 2152 799 2216 labores
817 2151 969 2233 urbisque
987 2149 1166 2234 fremitum3

100 2252 133 2300 14
152 2237 189 2303 in
215 2259 340 2303 secessu
373 2240 476 2303 solum
509 2239 628 2304 balinei
655 2244 782 2323 tempus
813 2239 927 2304 studiis
958 2237 1166 2303 eximebatur.

154 2322 234 2391 Cum
259 2327 330 2392 dico
354 2328 486 2412 balinei,
515 2328 553 2393 de
580 2329 787 2394 interioribus
814 2329 944 2413 loquor3
975 2349 1059 2410 nam,
1088 2327 1165 2391 dum

153 2416 363 2520 destringitur
385 2418 594 2503 tergiturque,
617 2418 767 2482 audiebat
753 2417 913 2501 taliquid
935 2419 991 2479 aut
977 2415 1080 2480 tdict
1081 2415 1165 2480 abat.

101 2518 132 2566 15
151 2503 239 2571 Int
212 2507 326 2571 itinere
350 2507 441 2590 quasi
464 2508 587 2571 solutus
611 2507 723 2572 ceteris
743 2507 826 2572 curis
844 2507 921 2571 huic
938 2505 995 2568 uni
1018 2506 1152 2569 vacabat
1138 2509 1206 2591 aa

152 2596 193 2659 ad
215 2596 300 2660 latus
323 2597 468 2660 notarius
492 2616 565 2660 cum
588 2597 671 2660 libro
696 2600 728 2661 et
745 2596 967 2682 pugillaribus,
991 2594 1081 2658 cuius
1100 2617 1165 2658 ma-

152 2705 213 2749 nus
240 2684 346 2749 hieme
373 2685 507 2749 manicis
535 2686 775 2769 muniebantur,
804 2689 841 2749 ut
863 2706 904 2748 ne
932 2682 1011 2749 caeli
1035 2682 1165 2767 quidem

152 2773 306 2856 asperitas
329 2775 432 2837 ullum
455 2774 570 2838 studiis
593 2779 720 2858 tempus
743 2775 892 2859 eriperet,
923 2794 1046 2857 quaex
1069 2792 1165 2835 causa

101 2874 133 2923 16
152 2860 275 2925 Romae
299 2883 426 2945 quoque
450 2863 527 2927 sella
545 2863 728 2929 vehebatur.
764 2864 888 2948 Repeto
911 2885 963 2927 me
982 2864 1165 2945 correptum

152 2951 193 3014 ab
217 2972 264 3035 eo,
283 2972 340 3016 cur
357 2951 563 3016 ambularem.
598 2953 753 3018 <Poteras'
772 2952 879 3037 inquit
897 2951 967 3017 ‘has
985 2952 1080 3015 horas
1098 2971 1165 3014 non
1179 2977 1205 3018 ιι

151 3038 305 3125 perdere'3
331 3061 407 3104 nam
429 3042 533 3125 perire
557 3065 650 3107 omne
673 3047 800 3127 tempus
823 3040 1054 3122 arbitrabatur,
1078 3038 1165 3123 quod

101 3142 133 3191 17
152 3128 267 3193 studiis
289 3150 356 3192 non
378 3129 592 3215 inpertiretur.
623 3131 695 3197 Hac
717 3131 895 3195 intentione
918 3134 968 3195 tot
990 3130 1052 3193 ista
1075 3129 1165 3192 volu-

150 3217 240 3283 mina
262 3219 388 3305 peregit
416 3222 497 3286 elect
482 3224 653 3305 torumque
678 3220 925 3286 commentarios
957 3221 1085 3284 centum
1119 3239 1165 3281 se-

223 3383 240 3429 4
259 3377 376 3431 rehcum
396 3378 474 3444 MD,
489 3379 558 3444 KJ,
576 3377 713 3447 reliquom
733 3378 809 3432 Ricc
838 3377 937 3460 Ofinad
949 3376 1056 3430 1241

152 3453 186 3500 23
214 3447 439 3503 immersionibus
462 3450 535 3505 Boot
559 3450 613 3504 Oia.
631 3451 689 3505 Αιι.
696 3450 775 3504 XVI
782 3452 860 3515 155
882 3447 952 3517 ipsis
974 3444 1164 3501 lavationibus

71 3529 207 3624 'mona
202 3517 331 3586 &aaa
345 3518 599 3576 r'rrtr'rrotionibus?
664 3490 894 3592 compensetur
909 3520 1014 3588 Fpra,
1031 3517 1164 3582 caraea,

141 3557 333 3639 pervaderetur
349 3591 395 3643 M
401 3591 432 3659 ῑζ
449 3591 491 3647 K
