2506 3862
382 207 639 261 EPISTULARUM
657 207 696 262 IV
715 213 757 276 13,
777 213 818 261 14.
1062 207 1103 272 97

93 375 315 456 praeceptores
338 370 467 454 publice
490 370 719 435 conducuntur.
764 370 851 435 Huic
877 371 957 436 vitio
981 372 1105 437 occurri
1143 388 1159 437 7

94 483 159 525 uno
182 460 324 526 remedio
347 463 464 543 potest,
488 460 516 524 si
533 461 721 543 parentibus
740 462 819 526 solis
837 461 888 525 ius
907 461 1106 526 conducendi

93 551 309 634 relinquatur,
336 549 502 632 isdemque
528 550 644 635 religio
671 553 758 614 recte
784 549 948 614 iudicandi
970 551 1105 616 necessi-

95 643 161 704 tate
185 639 367 704 collationis
390 638 533 703 addatur.
578 638 673 722 Nam,
696 640 752 723 qui
779 641 916 705 fortasse
939 638 978 703 de
1001 639 1105 705 alieno
1142 655 1158 704 8

66 730 310 814 rneglegentes,
338 731 423 792 certe
450 727 489 792 de
517 749 575 792 suo
604 728 775 814 diligentes
803 732 897 793 erunt
920 728 1106 812 dabuntque

96 840 236 902 operam,
259 840 298 881 ne
318 839 337 880 a
354 839 406 882 me
428 818 598 900 pecuniam
622 816 715 902 [non]
739 817 803 882 nisi
821 817 937 904 dignus
961 819 1106 901 accipiat,

96 908 123 972 si
148 910 336 990 accepturus
355 910 387 970 et
406 907 446 970 ab
465 907 544 989 ipsis
563 907 632 971 erit.
668 906 807 971 Proinde
826 906 1015 990 consentite,
1034 928 1107 972 con·
1143 924 1158 972 9

96 997 215 1080 spirate
238 997 456 1077 maioremque
475 995 617 1059 animum
641 1018 681 1060 ex
699 1016 770 1061 meo
792 997 918 1079 sumite,
937 996 993 1078 qui
1011 997 1106 1080 cupio

96 1107 165 1151 esse
194 1108 290 1168 quam
317 1086 507 1168 plurimum,
538 1085 624 1167 quod
654 1085 786 1149 debeam
817 1085 969 1149 conferre.
1014 1084 1108 1150 Nihil

54 1205 82 1245 10
95 1174 263 1239 honestius
285 1177 446 1257 praestare
469 1173 578 1239 liberis
601 1174 725 1257 vestris,
743 1173 826 1238 nihil
844 1173 966 1260 gratius
985 1175 1108 1258 patriae

96 1263 241 1347 potestis.
278 1262 465 1327 Educentur
486 1262 548 1346 hic,
572 1264 628 1346 qui
649 1263 704 1327 hio
726 1267 910 1348 nascuntur,
934 1267 964 1329 st
984 1265 1108 1347 timque

97 1352 137 1416 ab
166 1351 303 1417 infantia
330 1353 437 1416 natale
464 1354 569 1418 solum
597 1375 717 1436 amare,
745 1353 949 1436 frequentare
977 1374 1109 1418 consue·

98 1444 197 1507 scant.
242 1439 350 1524 Atque
380 1442 504 1507 utinam
534 1445 601 1507 tam
632 1443 735 1507 claros
764 1447 985 1525 praeceptores
1017 1443 1109 1506 indu-

98 1532 191 1613 catis,
215 1535 252 1594 ut
273 1531 421 1595 finitimis
445 1530 571 1615 oppidis
595 1531 702 1596 studia
724 1529 800 1596 hinc
822 1535 990 1615 petantur,
1009 1535 1109 1615 utque

57 1640 183 1690 1snunc
215 1620 309 1684 liberi
342 1620 440 1685 vestri
470 1621 574 1684 aliena
603 1621 638 1685 in
667 1623 738 1685 loca
767 1620 813 1684 ita
842 1642 919 1684 mox
949 1620 1046 1684 alieni
1075 1621 1109 1684 in

97 1709 184 1773 hunc
206 1710 314 1773 locum
337 1709 529 1773 confluantt'

164 1796 254 1862 Haec
276 1797 388 1882 putavi
412 1799 508 1863 altius
531 1800 564 1861 et
586 1799 678 1880 quasi
697 1821 716 1862 a
732 1799 823 1862 fonte
845 1797 1109 1882 repetendaque
1129 1814 1162 1862 10

98 1886 202 1972 magis
231 1888 337 1969 scires,
364 1908 461 1970 quarn
489 1889 616 1972 gratum
644 1886 725 1950 mihi
751 1888 844 1970 foret,
872 1888 899 1952 si
924 1887 1110 1970 susciperes,

99 1975 186 2059 quod
209 1976 352 2061 iniungo.
388 1974 526 2062 Iniungo
551 1978 657 2039 autem
682 1980 714 2040 et
736 1998 794 2059 pro
817 1976 864 2041 rei
888 1976 1110 2062 magnitudine

58 2096 85 2136 20
98 2086 188 2150 rogo,
211 2068 248 2128 ut
267 2087 306 2128 ex
325 2065 417 2148 copia
440 2064 667 2148 studiosorum,
690 2087 771 2149 quae
795 2065 834 2128 ad
857 2070 890 2130 te
913 2088 953 2129 ex
976 2065 1110 2129 admira-

99 2155 188 2218 tione
211 2154 334 2239 ingenii
356 2155 406 2218 tui
428 2154 587 2237 convenit,
614 2155 851 2238 circumspicias
879 2158 1111 2238 praeceptores,

100 2264 181 2326 quon
212 2243 385 2308 sollicitare
411 2243 587 2327 possimus,
619 2244 678 2308 sub
711 2265 748 2307 ea
779 2247 888 2308 tamen
914 2243 1111 2327 condicione,

99 2355 140 2396 ne
168 2333 220 2396 cui
246 2332 343 2396 fidem
370 2355 475 2397 meam
503 2331 712 2418 obstringam.
758 2330 874 2397 Omnia
901 2333 987 2397 enim
1010 2333 1111 2397 libera

100 2422 287 2505 parentibus
315 2442 420 2506 servo;
448 2422 497 2486 illi
524 2421 674 2505 iudicent,
704 2422 752 2486 issi
780 2422 915 2507 eligant3
943 2443 1002 2507 ego
1031 2420 1111 2485 mihi

59 2539 86 2581 εὖ
101 2530 210 2573 curam
232 2513 359 2575 tantum
382 2515 414 2575 et
436 2510 624 2595 inpendium
647 2510 784 2575 vindico.
820 2509 969 2595 Proinde,
992 2511 1019 2575 si
1039 2511 1110 2592 quis
1131 2527 1168 2575 12·

101 2598 199 2663 fuerit
219 2603 373 2683 repertus,
392 2601 448 2683 qui
470 2601 599 2685 ingenio
624 2622 681 2664 suo
704 2599 792 2683 fidat,
811 2604 863 2664 eat
880 2601 958 2663 illuc
977 2621 1014 2663 ea
1031 2601 1112 2684 lege,

101 2687 236 2841 qtlhinc
257 2689 340 2755 nihil
362 2689 451 2754 aliud
474 2692 595 2754 certum
620 2711 716 2772 quam
737 2689 888 2754 fiduciam
907 2710 998 2753 suam
1020 2689 1111 2753 ferat.

133 2800 151 2841 a
184 2827 191 2841 .

568 2889 647 2948 XIV.

60 3003 87 3043 a
351 2990 379 3038 e.
403 2991 541 3039 pamma
565 2990 727 3039 nanneno
752 2990 817 3039 suo
842 2990 868 3038 s.

168 3079 217 3144 Tu
239 3081 375 3145 fortasse
398 3081 585 3163 orationem,
613 3084 650 3144 ut
677 3082 769 3163 soles,
798 3084 829 3144 et
851 3080 979 3166 flagitas
1003 3084 1036 3144 et
1060 3103 1111 3144 ex·
1150 3097 1163 3144 1

101 3173 219 3253 pectas,
247 3174 281 3234 at
308 3191 367 3256 ego
396 3171 488 3252 quasi
515 3192 555 3234 ex
583 3170 690 3253 aliqua
716 3170 885 3255 peregrina
914 3169 1113 3252 delicataque

173 3386 188 3434 6
209 3397 226 3434 a
244 3398 288 3435 ma
304 3383 342 3436 M
349 3382 439 3449 VDp,
454 3383 492 3447 K,
512 3397 574 3434 eam
593 3382 685 3446 RFa,
704 3395 857 3434 eamame
874 3396 927 3446 νς;
945 3380 1032 3434 dabit.
1052 3379 1113 3434 oco

102 3457 163 3507 300.
190 3485 222 3492 —
253 3453 333 3525 [non]
354 3453 472 3508 Geaaero
495 3459 567 3507 acet.
587 3454 672 3516 ΚΠ,
697 3458 788 3506 metus
806 3452 875 3506 KJ.
911 3452 971 3506 Act
989 3467 1045 3503 non
1064 3456 1114 3504 act

102 3524 158 3578 nisi
175 3524 280 3579 delcad.
389 3528 422 3577 14
444 3524 476 3577 in
498 3523 625 3577 finitimis
646 3523 767 3591 FDpa,
791 3522 872 3576 ufin.
891 3539 941 3588 νς,
961 3521 1048 3576 etiam
1067 3521 1113 3574 fin.

102 3596 173 3650 coci.
192 3597 239 3661 K,
259 3597 289 3648 at
306 3595 352 3649 fin.
371 3595 504 3663 displp.
516 3600 550 3650 18
564 3597 643 3665 prob.

156 3694 383 3734 anrEmwm.
960 3686 981 3735 ‘i
