2506 3862
127 204 194 270 200
422 216 425 223 '
563 203 591 259 C.
611 203 710 261 PLINI

128 372 318 452 prosecutus
341 372 427 433 esset
451 371 483 433 et
506 372 596 433 senat
581 367 630 433 tui
648 368 783 433 facultat
769 371 836 432 tem
854 367 984 432 fecisset
970 366 1147 431 ttestandi

93 474 205 544 terga
228 481 301 522 eum
324 458 575 523 benivolentiam
594 479 694 522 suam.
722 454 806 533 Quid
825 457 910 521 enim
930 455 1055 520 senatui
1072 457 1147 540 pul·

129 545 247 631 chrius,
269 569 366 631 quam
388 551 427 612 ut
445 569 520 632 erga
534 545 662 611 Pallant
648 550 713 611 tem
732 546 811 610 satis
830 549 941 631 gratus
959 545 1147 610 videretur?

128 634 283 700 Additur:
307 635 365 702 Ut
378 635 495 719 Pallas,
519 637 571 701 cui
594 658 627 700 se
651 656 762 700 omnes
785 656 843 719 pro
867 634 953 700 virili
971 637 1062 718 parte
1086 634 1145 699 ob·

127 726 209 810 ligat
210 747 246 789 os
195 726 316 790 ttfa
318 729 424 807 entur,
456 686 627 811 siirgularis
650 724 739 808 fidei,
769 723 941 826 singularis
963 722 1145 788 industriae
1174 748 1187 790 s

127 815 268 880 fructum
291 774 498 878 meritissimo
518 813 621 878 ferat?
648 811 760 878 Prolat
746 816 797 877 tos
815 813 942 897 imperi1
934 812 1050 896 fines,
1073 812 1145 876 red-

128 903 213 967 ditos
246 902 403 968 exercitus
435 902 482 967 rei
512 903 661 987 publicae
693 903 810 968 credas.
856 901 1044 967 Adstruitur
1075 901 1145 966 his:

93 989 223 1056 v‘Oum
251 993 375 1056 senatui
402 991 587 1076 populoque
610 991 756 1057 Romano
784 991 987 1056 liberalitatis
1020 991 1146 1077 gratior

127 1079 359 1165 repraesentari
381 1082 470 1145 nulla
493 1081 627 1146 materia
649 1082 767 1166 possit,
799 1102 896 1164 quam
924 1081 952 1144 si
978 1079 1144 1145 abstinen-

128 1262 211 1323 tates
234 1257 384 1324 adiuvare
407 1258 617 1346 contigisset'.
658 1258 731 1324 Hoc
758 1263 835 1324 tunc
860 1263 972 1323 votum
1003 1261 1144 1340 senatus,

127 1347 190 1411 hoc
225 1348 432 1432 praecipuum
469 1349 623 1434 gaudium
658 1349 784 1432 populi,
824 1348 903 1413 haec
938 1347 1143 1412 liberalitatis

127 1437 262 1500 materia
298 1438 495 1522 gratissima,
533 1438 560 1501 si
592 1435 748 1501 Pallantis
785 1437 954 1502 facultates
991 1436 1144 1503 adiuvare

92 1540 108 1588 8
127 1525 330 1609 publicarum
354 1548 452 1611 opum
476 1527 641 1612 egestione
664 1527 872 1612 contingeret.
902 1523 971 1590 Iam
991 1547 1072 1608 quae
1096 1546 1167 1591 so.

127 1617 280 1699 quuntur,
303 1616 445 1680 voluisse
469 1615 598 1699 quidem
621 1619 768 1680 senatum
792 1637 919 1680 censere
942 1615 1082 1679 dandum
1101 1637 1142 1678 ex
1157 1637 1184 1680 ιι

127 1705 248 1768 aerario
274 1706 457 1770 sestertium
488 1704 607 1770 centies
635 1705 847 1790 quinquagies
871 1708 919 1787 et,
951 1707 1072 1787 quanto
1100 1703 1141 1767 ab

127 1793 196 1857 eius
209 1793 298 1857 modi
312 1794 543 1878 cupiditatibus
557 1794 712 1858 remotior
726 1794 794 1858 eius
808 1794 934 1859 animus
949 1796 1041 1875 esset,
1050 1796 1141 1857 tanto

91 1881 605 2038 &pffldgpmffl
617 1887 824 2037 ttttbtt
843 1905 915 2035 5¹1¹?
909 1882 1143 2036 ..fftttttt

126 2060 318 2125 auctoritate
344 2060 475 2144 publiea
498 2065 659 2146 ageretur,
686 2060 793 2125 Pallas
821 2023 1001 2146 iogaretur,
1030 2063 1068 2124 ut
1096 2080 1143 2124 se
1157 2083 1185 2123 ao

125 2149 219 2212 natui
242 2149 377 2232 eederet,
400 2154 437 2214 ut
459 2150 509 2214 illi
528 2149 776 2234 superbissimae
794 2149 1007 2214 abstinentiae
1026 2147 1143 2212 Caesar

126 2237 195 2321 ipse
227 2238 449 2321 advocaretur,
487 2261 528 2302 ne
560 2239 742 2303 sestertium
776 2239 896 2303 centies
929 2238 1142 2323 quinquagies

126 2331 298 2410 sperneret.
344 2324 485 2410 Sprevit,
513 2327 600 2410 quod
630 2327 735 2392 solum
764 2327 873 2411 potuit
902 2327 1001 2392 tantis
1026 2327 1143 2410 opibus

125 2416 254 2499 publice
278 2415 396 2481 oblatis
418 2415 626 2502 adrogantius
649 2416 763 2500 facere,
786 2438 883 2500 quam
908 2416 935 2480 si
958 2416 1142 2499 accepisset.

73 2519 107 2568 10
134 2503 270 2570 Senatns
293 2508 402 2568 tamen
424 2504 458 2568 id
472 2526 600 2588 quoque
623 2504 738 2570 similis
761 2505 907 2589 querenti
924 2504 1075 2569 laudibus
1093 2508 1144 2568 tu·
1157 2526 1185 2568 ss

130 2593 170 2658 lit
202 2593 253 2656 his
286 2592 416 2676 quidem
454 2594 576 2659 verbis:
613 2594 669 2659 sed
705 2617 778 2660 cum
814 2595 962 2679 princeps
999 2594 1142 2678 optimus

126 2703 306 2834 perpenstque
338 2682 487 2766 publicus
500 2687 652 2837 rlpgbtuts
684 2706 711 2836 pl
732 2681 878 2836 {ellpnte
915 2706 985 2786 eam
1017 2686 1142 2783 partem

126 2791 445 2925 :tutent
460 2794 688 2947 ξίιηῗὲιὲιιῗ
704 2793 1143 2944 ..stltdstttti

128 2951 291 3031 senatum,
319 2949 380 3015 etsi
402 2950 541 3016 libenter
568 2971 605 3015 ac
628 2951 743 3015 merito
770 2950 854 3016 hanc
877 2972 1036 3016 summam
1059 2950 1144 3013 inter
1157 2973 1185 3013 so

131 3035 273 3119 reliquos
295 3037 434 3103 honores
458 3040 500 3104 ob
523 3039 619 3104 fidem
643 3040 907 3126 diligentiamque
929 3038 1070 3104 Pallanti
1092 3038 1144 3102 de

131 3145 259 3190 cernere
283 3127 449 3212 coepisset,
426 3128 631 3194 tvoluntati
654 3133 762 3194 temen
784 3129 939 3213 principis
957 3129 1017 3212 sui,
1039 3127 1091 3194 oui
1108 3128 1144 3190 in

197 3306 212 3353 2
237 3317 317 3354 suam
336 3318 386 3356 om.
408 3304 473 3370 Mr,
492 3304 562 3358 K.I.
658 3309 691 3358 22
715 3303 898 3358 advocaretur
919 3304 1059 3371 Otto304,
1082 3303 1143 3372 ipse

130 3372 294 3440 patronus
285 3388 346 3442 ipse
364 3371 548 3427 advocaretur
565 3393 596 3440 a,
617 3374 678 3444 ipse
695 3377 768 3443 patr.
788 3374 851 3428 adv.
870 3376 957 3446 culp,
979 3375 1040 3444 ipse
1059 3374 1143 3429 advo·

131 3445 210 3497 catus
226 3446 299 3497 esset
314 3445 357 3511 M,
368 3445 406 3499 K.
418 3445 499 3514 (disp
509 3415 644 3513 Imeus),
663 3445 815 3499 advocatus
830 3448 903 3499 esset
919 3446 1000 3500 testis
1016 3446 1142 3516 Mudvip.

114 3514 318 3570 adasllelff.
393 3521 430 3572 30
449 3516 547 3587 etsir,
562 3518 600 3574 K
605 3517 652 3587 Π
670 3517 700 3573 et
718 3533 749 3573 se
769 3519 841 3584 Mu,
834 3517 916 3642 gott
930 3533 962 3570 se
981 3519 1050 3570 K..1

98 3584 140 3630 32
157 3585 307 3652 coepisset
326 3589 438 3661 Catari,
459 3593 500 3650 K
505 3593 554 3664 II
574 3592 706 3665 coepisse
729 3592 804 3658 Mu,
819 3590 857 3644 Κ
