<?xml version="1.0" encoding="UTF-8"?>
<!DOCTYPE html PUBLIC "-//W3C//DTD XHTML 1.0 Transitional//EN"
    "http://www.w3.org/TR/xhtml1/DTD/xhtml1-transitional.dtd">
<html xmlns="http://www.w3.org/1999/xhtml" xml:lang="en" lang="en">
 <head>
  <title>
</title>
<meta http-equiv="Content-Type" content="text/html;charset=utf-8" />
  <meta name='ocr-system' content='tesseract 3.04.00' />
  <meta name='ocr-capabilities' content='ocr_page ocr_carea ocr_par ocr_line ocrx_word'/>
</head>
<body>
  <div class='ocr_page' id='page_1' title='image "./cplinicaecilise04plingoog_0283.png"; bbox 0 0 2506 3862; ppageno 0'>
   <div class='ocr_carea' id='block_1_1' title="bbox 116 200 816 268">
    <p class='ocr_par' dir='ltr' id='par_1_1' title="bbox 116 200 816 268">
     <span class='ocr_line' id='line_1_1' title="bbox 116 200 816 268; baseline -0.001 -12"><span class='ocrx_word' id='word_1_1' title='bbox 116 202 183 268; x_wconf 80' lang='grc'>270</span> <span class='ocrx_word' id='word_1_2' title='bbox 435 201 463 256; x_wconf 86' lang='lat' dir='ltr'>C.</span> <span class='ocrx_word' id='word_1_3' title='bbox 482 200 580 256; x_wconf 84' lang='lat' dir='ltr'>PLINI</span> <span class='ocrx_word' id='word_1_4' title='bbox 598 201 644 256; x_wconf 89' lang='lat' dir='ltr'>ET</span> <span class='ocrx_word' id='word_1_5' title='bbox 664 200 816 255; x_wconf 87' lang='lat' dir='ltr'>TRAIANI</span> 
     </span>
    </p>
   </div>
   <div class='ocr_carea' id='block_1_2' title="bbox 313 363 933 520">
    <p class='ocr_par' dir='ltr' id='par_1_2' title="bbox 313 363 933 520">
     <span class='ocr_line' id='line_1_2' title="bbox 514 363 734 450; baseline -0.005 -21"><span class='ocrx_word' id='word_1_6' title='bbox 514 370 603 429; x_wconf 82' lang='grc' dir='ltr'>ιιι.</span> <span class='ocrx_word' id='word_1_7' title='bbox 628 363 734 450; x_wconf 80' lang='grc' dir='ltr'>[ιιι]</span> 
     </span>
     <span class='ocr_line' id='line_1_3' title="bbox 313 470 933 520; baseline -0.002 -2"><span class='ocrx_word' id='word_1_8' title='bbox 313 471 340 518; x_wconf 82' lang='lat' dir='ltr'>C.</span> <span class='ocrx_word' id='word_1_9' title='bbox 365 471 504 520; x_wconf 84' lang='lat' dir='ltr'>PLINIUS</span> <span class='ocrx_word' id='word_1_10' title='bbox 530 471 683 519; x_wconf 80' lang='lat' dir='ltr'>TRAIANO</span> <span class='ocrx_word' id='word_1_11' title='bbox 707 470 933 520; x_wconf 82' lang='lat' dir='ltr'>IMPERATORI.</span> 
     </span>
    </p>
   </div>
   <div class='ocr_carea' id='block_1_3' title="bbox 114 561 1175 1002">
    <p class='ocr_par' dir='ltr' id='par_1_3' title="bbox 114 561 1175 1002">
     <span class='ocr_line' id='line_1_4' title="bbox 181 561 1132 646; baseline -0.001 -20"><span class='ocrx_word' id='word_1_12' title='bbox 181 561 377 646; x_wconf 86' lang='lat' dir='ltr'>Diplomata,</span> <span class='ocrx_word' id='word_1_13' title='bbox 401 562 538 646; x_wconf 90' lang='lat' dir='ltr'>domine,</span> <span class='ocrx_word' id='word_1_14' title='bbox 562 583 698 646; x_wconf 89' lang='lat' dir='ltr'>quorum</span> <span class='ocrx_word' id='word_1_15' title='bbox 723 561 789 626; x_wconf 91' lang='lat' dir='ltr'>dies</span> <span class='ocrx_word' id='word_1_16' title='bbox 808 561 981 644; x_wconf 84' lang='lat' dir='ltr'>praeteriit,</span> <span class='ocrx_word' id='word_1_17' title='bbox 1003 583 1046 625; x_wconf 88' lang='lat' dir='ltr'>an</span> <span class='ocrx_word' id='word_1_18' title='bbox 1065 583 1132 625; x_wconf 94' lang='lat' dir='ltr'>om-</span> 
     </span>
     <span class='ocr_line' id='line_1_5' title="bbox 114 650 1133 737; baseline 0 -23"><span class='ocrx_word' id='word_1_19' title='bbox 114 651 193 716; x_wconf 85' lang='lat' dir='ltr'>mno</span> <span class='ocrx_word' id='word_1_20' title='bbox 218 651 435 717; x_wconf 82' lang='lat' dir='ltr'>observeriet</span> <span class='ocrx_word' id='word_1_21' title='bbox 460 673 555 735; x_wconf 91' lang='lat' dir='ltr'>quam</span> <span class='ocrx_word' id='word_1_22' title='bbox 580 651 634 714; x_wconf 92' lang='lat' dir='ltr'>diu</span> <span class='ocrx_word' id='word_1_23' title='bbox 657 650 747 734; x_wconf 83' lang='lat' dir='ltr'>velis,</span> <span class='ocrx_word' id='word_1_24' title='bbox 769 672 848 737; x_wconf 80' lang='lat' dir='ltr'>rogo</span> <span class='ocrx_word' id='word_1_25' title='bbox 873 651 992 716; x_wconf 80' lang='lat' dir='ltr'>scribas</span> <span class='ocrx_word' id='word_1_26' title='bbox 1016 672 1133 735; x_wconf 89' lang='lat' dir='ltr'>meque</span> 
     </span>
     <span class='ocr_line' id='line_1_6' title="bbox 115 738 1175 824; baseline 0.002 -19"><span class='ocrx_word' id='word_1_27' title='bbox 115 741 218 805; x_wconf 86' lang='lat' dir='ltr'>haesit</span> <span class='ocrx_word' id='word_1_28' title='bbox 205 741 327 805; x_wconf 87' lang='lat' dir='ltr'>tatione</span> <span class='ocrx_word' id='word_1_29' title='bbox 355 740 481 804; x_wconf 81' lang='lat' dir='ltr'><strong>liberes.</strong></span> <span class='ocrx_word' id='word_1_30' title='bbox 528 738 649 805; x_wconf 85' lang='lat' dir='ltr'>Vereor</span> <span class='ocrx_word' id='word_1_31' title='bbox 679 762 781 824; x_wconf 89' lang='lat' dir='ltr'>emm,</span> <span class='ocrx_word' id='word_1_32' title='bbox 809 762 850 805; x_wconf 90' lang='lat' dir='ltr'>ne</span> <span class='ocrx_word' id='word_1_33' title='bbox 879 739 915 804; x_wconf 92' lang='lat' dir='ltr'>in</span> <span class='ocrx_word' id='word_1_34' title='bbox 944 741 989 804; x_wconf 90' lang='lat' dir='ltr'>alt</span> <span class='ocrx_word' id='word_1_35' title='bbox 975 744 1131 804; x_wconf 85' lang='lat' dir='ltr'>terutram</span> <span class='ocrx_word' id='word_1_36' title='bbox 1161 768 1175 808; x_wconf 83' lang='lat' dir='ltr'>s</span> 
     </span>
     <span class='ocr_line' id='line_1_7' title="bbox 115 828 1133 932; baseline -0.002 -38"><span class='ocrx_word' id='word_1_37' title='bbox 115 829 277 913; x_wconf 80' lang='lat' dir='ltr'>partem</span> <span class='ocrx_word' id='word_1_38' title='bbox 264 832 418 932; x_wconf 68' lang='lat' dir='ltr'>ignorant</span> <span class='ocrx_word' id='word_1_39' title='bbox 419 829 450 893; x_wconf 86' lang='lat' dir='ltr'>ia</span> <span class='ocrx_word' id='word_1_40' title='bbox 477 831 586 913; x_wconf 84' lang='lat' dir='ltr'>lapsus</span> <span class='ocrx_word' id='word_1_41' title='bbox 620 832 675 893; x_wconf 88' lang='lat' dir='ltr'>eut</span> <span class='ocrx_word' id='word_1_42' title='bbox 661 828 831 894; x_wconf 84' lang='lat' dir='ltr'>tinlicita</span> <span class='ocrx_word' id='word_1_43' title='bbox 860 830 1045 894; x_wconf 83' lang='lat' dir='ltr'>confirmem</span> <span class='ocrx_word' id='word_1_44' title='bbox 1076 834 1133 893; x_wconf 88' lang='lat' dir='ltr'>aut</span> 
     </span>
     <span class='ocr_line' id='line_1_8' title="bbox 114 918 496 1002; baseline -0.003 -19"><span class='ocrx_word' id='word_1_45' title='bbox 114 918 292 985; x_wconf 84' lang='lat' dir='ltr'>necessaria</span> <span class='ocrx_word' id='word_1_46' title='bbox 314 918 496 1002; x_wconf 84' lang='lat' dir='ltr'>impediam.</span> 
     </span>
    </p>
   </div>
   <div class='ocr_carea' id='block_1_4' title="bbox 460 999 785 1214">
    <p class='ocr_par' dir='ltr' id='par_1_4' title="bbox 460 999 785 1214">
     <span class='ocr_line' id='line_1_9' title="bbox 512 999 732 1145; baseline -0.005 -21"><span class='ocrx_word' id='word_1_47' title='bbox 512 1065 616 1124; x_wconf 79' lang='grc' dir='ltr'>ιιιι</span> <span class='ocrx_word' id='word_1_48' title='bbox 641 999 732 1145; x_wconf 83' lang='grc' dir='ltr'>[ιι]</span> 
     </span>
     <span class='ocr_line' id='line_1_10' title="bbox 460 1166 785 1214; baseline 0 0"><span class='ocrx_word' id='word_1_49' title='bbox 460 1166 633 1214; x_wconf 79' lang='lat' dir='ltr'>TRAIANUS</span> <span class='ocrx_word' id='word_1_50' title='bbox 657 1167 785 1214; x_wconf 87' lang='lat' dir='ltr'>PLINIO.</span> 
     </span>
    </p>
   </div>
   <div class='ocr_carea' id='block_1_5' title="bbox 115 1256 1175 1609">
    <p class='ocr_par' dir='ltr' id='par_1_5' title="bbox 115 1256 1175 1609">
     <span class='ocr_line' id='line_1_11' title="bbox 181 1256 1175 1342; baseline 0.003 -20"><span class='ocrx_word' id='word_1_51' title='bbox 181 1258 377 1342; x_wconf 86' lang='lat' dir='ltr'>Diplomate,</span> <span class='ocrx_word' id='word_1_52' title='bbox 396 1279 533 1341; x_wconf 91' lang='lat' dir='ltr'>quorum</span> <span class='ocrx_word' id='word_1_53' title='bbox 551 1256 742 1341; x_wconf 89' lang='lat' dir='ltr'>praeteritus</span> <span class='ocrx_word' id='word_1_54' title='bbox 762 1261 810 1321; x_wconf 92' lang='lat' dir='ltr'>est</span> <span class='ocrx_word' id='word_1_55' title='bbox 831 1257 907 1340; x_wconf 92' lang='lat' dir='ltr'>dies,</span> <span class='ocrx_word' id='word_1_56' title='bbox 929 1279 996 1321; x_wconf 91' lang='lat' dir='ltr'>non</span> <span class='ocrx_word' id='word_1_57' title='bbox 1014 1257 1133 1321; x_wconf 86' lang='lat' dir='ltr'>debent</span> <span class='ocrx_word' id='word_1_58' title='bbox 1148 1285 1175 1325; x_wconf 88' lang='lat' dir='ltr'>ro</span> 
     </span>
     <span class='ocr_line' id='line_1_12' title="bbox 115 1345 1132 1432; baseline -0.002 -21"><span class='ocrx_word' id='word_1_59' title='bbox 115 1370 183 1412; x_wconf 91' lang='lat' dir='ltr'>esse</span> <span class='ocrx_word' id='word_1_60' title='bbox 206 1347 240 1411; x_wconf 90' lang='lat' dir='ltr'>in</span> <span class='ocrx_word' id='word_1_61' title='bbox 263 1369 332 1411; x_wconf 89' lang='lat' dir='ltr'>usu.</span> <span class='ocrx_word' id='word_1_62' title='bbox 378 1345 453 1411; x_wconf 90' lang='lat' dir='ltr'>Ideo</span> <span class='ocrx_word' id='word_1_63' title='bbox 481 1347 566 1410; x_wconf 89' lang='lat' dir='ltr'>inter</span> <span class='ocrx_word' id='word_1_64' title='bbox 592 1345 697 1429; x_wconf 87' lang='lat' dir='ltr'>prima</span> <span class='ocrx_word' id='word_1_65' title='bbox 725 1345 857 1432; x_wconf 82' lang='lat' dir='ltr'>iniungo</span> <span class='ocrx_word' id='word_1_66' title='bbox 888 1346 983 1430; x_wconf 92' lang='lat' dir='ltr'>mihi,</span> <span class='ocrx_word' id='word_1_67' title='bbox 1014 1350 1051 1410; x_wconf 90' lang='lat' dir='ltr'>ut</span> <span class='ocrx_word' id='word_1_68' title='bbox 1073 1369 1132 1429; x_wconf 91' lang='lat' dir='ltr'>per</span> 
     </span>
     <span class='ocr_line' id='line_1_13' title="bbox 116 1434 1130 1521; baseline -0.001 -21"><span class='ocrx_word' id='word_1_69' title='bbox 116 1458 226 1500; x_wconf 89' lang='lat' dir='ltr'>omnes</span> <span class='ocrx_word' id='word_1_70' title='bbox 249 1436 431 1521; x_wconf 79' lang='lat' dir='ltr'>provincias</span> <span class='ocrx_word' id='word_1_71' title='bbox 456 1440 528 1500; x_wconf 89' lang='lat' dir='ltr'>ante</span> <span class='ocrx_word' id='word_1_72' title='bbox 556 1434 683 1498; x_wconf 90' lang='lat' dir='ltr'>mittam</span> <span class='ocrx_word' id='word_1_73' title='bbox 707 1456 791 1498; x_wconf 85' lang='grc' dir='ltr'>ιιοιι</span> <span class='ocrx_word' id='word_1_74' title='bbox 818 1435 1009 1519; x_wconf 89' lang='lat' dir='ltr'>diplomata,</span> <span class='ocrx_word' id='word_1_75' title='bbox 1033 1458 1130 1518; x_wconf 87' lang='lat' dir='ltr'>quam</span> 
     </span>
     <span class='ocr_line' id='line_1_14' title="bbox 115 1524 441 1609; baseline -0.003 -19"><span class='ocrx_word' id='word_1_76' title='bbox 115 1524 286 1590; x_wconf 85' lang='lat' dir='ltr'>desiderari</span> <span class='ocrx_word' id='word_1_77' title='bbox 308 1526 441 1609; x_wconf 90' lang='lat' dir='ltr'>possint.</span> 
     </span>
    </p>
   </div>
   <div class='ocr_carea' id='block_1_6' title="bbox 313 1628 1171 1788">
    <p class='ocr_par' dir='ltr' id='par_1_6' title="bbox 313 1628 1171 1788">
     <span class='ocr_line' id='line_1_15' title="bbox 494 1628 745 1714; baseline -0.008 -18"><span class='ocrx_word' id='word_1_78' title='bbox 494 1635 614 1696; x_wconf 85' lang='grc' dir='ltr'>ιιιιι.</span> <span class='ocrx_word' id='word_1_79' title='bbox 640 1628 745 1714; x_wconf 84' lang='grc' dir='ltr'>[ιιι]</span> 
     </span>
     <span class='ocr_line' id='line_1_16' title="bbox 313 1735 1171 1788; baseline 0.001 -1"><span class='ocrx_word' id='word_1_80' title='bbox 313 1740 340 1787; x_wconf 80' lang='grc' dir='ltr'>Ο.</span> <span class='ocrx_word' id='word_1_81' title='bbox 363 1737 502 1786; x_wconf 83' lang='lat' dir='ltr'>PLINIUS</span> <span class='ocrx_word' id='word_1_82' title='bbox 527 1735 680 1784; x_wconf 82' lang='lat' dir='ltr'>TRAIANO</span> <span class='ocrx_word' id='word_1_83' title='bbox 704 1736 929 1784; x_wconf 82' lang='lat' dir='ltr'>IMPERATORI.</span> <span class='ocrx_word' id='word_1_84' title='bbox 1145 1748 1171 1788; x_wconf 77' lang='lat'>15</span> 
     </span>
    </p>
   </div>
   <div class='ocr_carea' id='block_1_7' title="bbox 80 1824 1129 1914">
    <p class='ocr_par' dir='ltr' id='par_1_7' title="bbox 80 1824 1129 1914">
     <span class='ocr_line' id='line_1_17' title="bbox 80 1824 1129 1914; baseline 0 -22"><span class='ocrx_word' id='word_1_85' title='bbox 80 1844 94 1892; x_wconf 94' lang='lat'>1</span> <span class='ocrx_word' id='word_1_86' title='bbox 182 1827 261 1894; x_wconf 84' lang='lat' dir='ltr'>Oum</span> <span class='ocrx_word' id='word_1_87' title='bbox 281 1831 407 1914; x_wconf 86' lang='lat' dir='ltr'>vellem,</span> <span class='ocrx_word' id='word_1_88' title='bbox 430 1827 567 1912; x_wconf 89' lang='lat' dir='ltr'>domine,</span> <span class='ocrx_word' id='word_1_89' title='bbox 585 1824 747 1910; x_wconf 83' lang='lat' dir='ltr'>Apameae</span> <span class='ocrx_word' id='word_1_90' title='bbox 772 1848 962 1912; x_wconf 75' lang='lat' dir='ltr'>cognoscere</span> <span class='ocrx_word' id='word_1_91' title='bbox 981 1826 1129 1911; x_wconf 89' lang='lat' dir='ltr'>publicos</span> 
     </span>
    </p>
   </div>
   <div class='ocr_carea' id='block_1_8' title="bbox 72 1915 1183 2959">
    <p class='ocr_par' dir='ltr' id='par_1_8' title="bbox 72 1915 1183 2959">
     <span class='ocr_line' id='line_1_18' title="bbox 115 1915 1130 1999; baseline -0.004 -16"><span class='ocrx_word' id='word_1_92' title='bbox 115 1919 275 1983; x_wconf 73' lang='lat' dir='ltr'>debitores</span> <span class='ocrx_word' id='word_1_93' title='bbox 299 1925 330 1983; x_wconf 92' lang='lat' dir='ltr'>et</span> <span class='ocrx_word' id='word_1_94' title='bbox 353 1917 491 1983; x_wconf 75' lang='lat' dir='ltr'>reditum</span> <span class='ocrx_word' id='word_1_95' title='bbox 515 1920 547 1980; x_wconf 90' lang='lat' dir='ltr'>et</span> <span class='ocrx_word' id='word_1_96' title='bbox 570 1915 740 1999; x_wconf 88' lang='lat' dir='ltr'>impendia,</span> <span class='ocrx_word' id='word_1_97' title='bbox 762 1937 952 1999; x_wconf 90' lang='lat' dir='ltr'>responsum</span> <span class='ocrx_word' id='word_1_98' title='bbox 975 1919 1023 1980; x_wconf 90' lang='lat' dir='ltr'>est</span> <span class='ocrx_word' id='word_1_99' title='bbox 1045 1916 1130 1980; x_wconf 92' lang='lat' dir='ltr'>mibi</span> 
     </span>
     <span class='ocr_line' id='line_1_19' title="bbox 115 2004 1129 2092; baseline -0.003 -20"><span class='ocrx_word' id='word_1_100' title='bbox 115 2030 230 2091; x_wconf 92' lang='lat' dir='ltr'>cupere</span> <span class='ocrx_word' id='word_1_101' title='bbox 261 2008 389 2092; x_wconf 91' lang='lat' dir='ltr'>quidem</span> <span class='ocrx_word' id='word_1_102' title='bbox 420 2006 600 2088; x_wconf 78' lang='lat' dir='ltr'>universos,</span> <span class='ocrx_word' id='word_1_103' title='bbox 630 2009 666 2068; x_wconf 90' lang='lat' dir='ltr'>ut</span> <span class='ocrx_word' id='word_1_104' title='bbox 694 2028 712 2069; x_wconf 88' lang='grc' dir='ltr'>ι</span> <span class='ocrx_word' id='word_1_105' title='bbox 740 2027 791 2069; x_wconf 92' lang='lat' dir='ltr'>me</span> <span class='ocrx_word' id='word_1_106' title='bbox 820 2004 960 2070; x_wconf 88' lang='lat' dir='ltr'>rationes</span> <span class='ocrx_word' id='word_1_107' title='bbox 985 2005 1129 2069; x_wconf 87' lang='lat' dir='ltr'>coloniae</span> 
     </span>
     <span class='ocr_line' id='line_1_20' title="bbox 113 2095 1130 2182; baseline -0.003 -21"><span class='ocrx_word' id='word_1_108' title='bbox 113 2098 309 2182; x_wconf 83' lang='lat' dir='ltr'>legerentur,</span> <span class='ocrx_word' id='word_1_109' title='bbox 340 2117 516 2178; x_wconf 85' lang='lat' dir='ltr'>numquam</span> <span class='ocrx_word' id='word_1_110' title='bbox 545 2099 654 2158; x_wconf 84' lang='lat' dir='ltr'>tamen</span> <span class='ocrx_word' id='word_1_111' title='bbox 682 2115 750 2157; x_wconf 89' lang='lat' dir='ltr'>esse</span> <span class='ocrx_word' id='word_1_112' title='bbox 779 2095 878 2158; x_wconf 89' lang='lat' dir='ltr'>lectas</span> <span class='ocrx_word' id='word_1_113' title='bbox 902 2095 942 2158; x_wconf 89' lang='lat' dir='ltr'>ab</span> <span class='ocrx_word' id='word_1_114' title='bbox 965 2095 1033 2158; x_wconf 90' lang='lat' dir='ltr'>ullo</span> <span class='ocrx_word' id='word_1_115' title='bbox 1056 2116 1130 2178; x_wconf 90' lang='lat' dir='ltr'>pro-</span> 
     </span>
     <span class='ocr_line' id='line_1_21' title="bbox 115 2182 1172 2269; baseline 0 -18"><span class='ocrx_word' id='word_1_116' title='bbox 115 2187 297 2269; x_wconf 70' lang='lat' dir='ltr'>consulum,</span> <span class='ocrx_word' id='word_1_117' title='bbox 310 2184 461 2248; x_wconf 90' lang='lat' dir='ltr'>habuisse</span> <span class='ocrx_word' id='word_1_118' title='bbox 471 2182 677 2268; x_wconf 81' lang='lat' dir='ltr'>privilegium</span> <span class='ocrx_word' id='word_1_119' title='bbox 692 2187 724 2246; x_wconf 89' lang='lat' dir='ltr'>et</span> <span class='ocrx_word' id='word_1_120' title='bbox 737 2183 991 2247; x_wconf 83' lang='lat' dir='ltr'>vetustissimum</span> <span class='ocrx_word' id='word_1_121' title='bbox 1006 2205 1128 2247; x_wconf 92' lang='lat' dir='ltr'>morem</span> <span class='ocrx_word' id='word_1_122' title='bbox 1144 2210 1172 2251; x_wconf 82' lang='grc' dir='ltr'>ιι</span> 
     </span>
     <span class='ocr_line' id='line_1_22' title="bbox 79 2270 1129 2358; baseline -0.003 -18"><span class='ocrx_word' id='word_1_123' title='bbox 79 2274 247 2339; x_wconf 77' lang='grc' dir='ltr'>ιιιιιιιιιο</span> <span class='ocrx_word' id='word_1_124' title='bbox 281 2295 338 2339; x_wconf 89' lang='lat' dir='ltr'>suo</span> <span class='ocrx_word' id='word_1_125' title='bbox 366 2295 434 2337; x_wconf 91' lang='lat' dir='ltr'>rem</span> <span class='ocrx_word' id='word_1_126' title='bbox 467 2271 630 2355; x_wconf 82' lang='lat' dir='ltr'>publicam</span> <span class='ocrx_word' id='word_1_127' title='bbox 658 2270 889 2336; x_wconf 88' lang='lat' dir='ltr'>administrare.</span> <span class='ocrx_word' id='word_1_128' title='bbox 934 2270 1052 2358; x_wconf 81' lang='lat' dir='ltr'>Exegi,</span> <span class='ocrx_word' id='word_1_129' title='bbox 1083 2277 1129 2357; x_wconf 90' lang='lat' dir='ltr'>ut,</span> 
     </span>
     <span class='ocr_line' id='line_1_23' title="bbox 115 2359 1130 2448; baseline -0.004 -19"><span class='ocrx_word' id='word_1_130' title='bbox 115 2386 196 2448; x_wconf 90' lang='lat' dir='ltr'>quae</span> <span class='ocrx_word' id='word_1_131' title='bbox 211 2363 369 2444; x_wconf 89' lang='lat' dir='ltr'>dicebant,</span> <span class='ocrx_word' id='word_1_132' title='bbox 388 2382 532 2444; x_wconf 89' lang='lat' dir='ltr'>quaeque</span> <span class='ocrx_word' id='word_1_133' title='bbox 546 2359 733 2444; x_wconf 74' lang='lat' dir='ltr'>recitabant,</span> <span class='ocrx_word' id='word_1_134' title='bbox 751 2361 861 2424; x_wconf 92' lang='lat' dir='ltr'>libello</span> <span class='ocrx_word' id='word_1_135' title='bbox 882 2362 1041 2445; x_wconf 87' lang='lat' dir='ltr'>compleot</span> <span class='ocrx_word' id='word_1_136' title='bbox 1042 2383 1130 2425; x_wconf 91' lang='lat' dir='ltr'>eren-</span> 
     </span>
     <span class='ocr_line' id='line_1_24' title="bbox 113 2449 1129 2537; baseline -0.002 -21"><span class='ocrx_word' id='word_1_137' title='bbox 113 2457 179 2537; x_wconf 71' lang='lat' dir='ltr'>tur,</span> <span class='ocrx_word' id='word_1_138' title='bbox 204 2474 298 2535; x_wconf 90' lang='lat' dir='ltr'>quem</span> <span class='ocrx_word' id='word_1_139' title='bbox 321 2449 398 2532; x_wconf 92' lang='lat' dir='ltr'>tibi,</span> <span class='ocrx_word' id='word_1_140' title='bbox 427 2451 554 2531; x_wconf 89' lang='lat' dir='ltr'>qualem</span> <span class='ocrx_word' id='word_1_141' title='bbox 578 2469 775 2534; x_wconf 86' lang='lat' dir='ltr'>acceperam,</span> <span class='ocrx_word' id='word_1_142' title='bbox 800 2449 888 2535; x_wconf 93' lang='lat' dir='ltr'>misi,</span> <span class='ocrx_word' id='word_1_143' title='bbox 912 2450 1058 2533; x_wconf 85' lang='lat' dir='ltr'>quamvis</span> <span class='ocrx_word' id='word_1_144' title='bbox 1082 2451 1129 2515; x_wconf 92' lang='lat' dir='ltr'>in-</span> 
     </span>
     <span class='ocr_line' id='line_1_25' title="bbox 113 2537 1129 2639; baseline -0.002 -33.968"><span class='ocrx_word' id='word_1_145' title='bbox 113 2543 298 2639; x_wconf 82' lang='lat' dir='ltr'>tellegerem</span> <span class='ocrx_word' id='word_1_146' title='bbox 326 2539 478 2621; x_wconf 89' lang='lat' dir='ltr'>pleraque</span> <span class='ocrx_word' id='word_1_147' title='bbox 507 2560 546 2601; x_wconf 89' lang='lat' dir='ltr'>ex</span> <span class='ocrx_word' id='word_1_148' title='bbox 573 2537 629 2601; x_wconf 89' lang='lat' dir='ltr'>illo</span> <span class='ocrx_word' id='word_1_149' title='bbox 658 2538 697 2602; x_wconf 89' lang='lat' dir='ltr'>ad</span> <span class='ocrx_word' id='word_1_150' title='bbox 728 2538 774 2623; x_wconf 92' lang='lat' dir='ltr'>id,</span> <span class='ocrx_word' id='word_1_151' title='bbox 806 2540 844 2602; x_wconf 92' lang='lat' dir='ltr'>de</span> <span class='ocrx_word' id='word_1_152' title='bbox 868 2561 932 2623; x_wconf 90' lang='lat' dir='ltr'>quo</span> <span class='ocrx_word' id='word_1_153' title='bbox 957 2540 1129 2625; x_wconf 86' lang='lat' dir='ltr'>quaeritur,</span> 
     </span>
     <span class='ocr_line' id='line_1_26' title="bbox 72 2625 1171 2714; baseline 0 -19"><span class='ocrx_word' id='word_1_154' title='bbox 72 2647 179 2694; x_wconf 73' lang='lat' dir='ltr'>onon</span> <span class='ocrx_word' id='word_1_155' title='bbox 202 2626 369 2712; x_wconf 86' lang='lat' dir='ltr'>pertinere.</span> <span class='ocrx_word' id='word_1_156' title='bbox 416 2625 460 2690; x_wconf 89' lang='lat' dir='ltr'>Te</span> <span class='ocrx_word' id='word_1_157' title='bbox 483 2631 640 2712; x_wconf 81' lang='lat' dir='ltr'>rogo,ut</span> <span class='ocrx_word' id='word_1_158' title='bbox 603 2627 744 2691; x_wconf 89' lang='lat' dir='ltr'>utmihi</span> <span class='ocrx_word' id='word_1_159' title='bbox 773 2629 956 2712; x_wconf 88' lang='lat' dir='ltr'>praecipere</span> <span class='ocrx_word' id='word_1_160' title='bbox 979 2628 1171 2714; x_wconf 68' lang='lat' dir='ltr'>dignensis</span> 
     </span>
     <span class='ocr_line' id='line_1_27' title="bbox 115 2715 1129 2816; baseline 0 -35"><span class='ocrx_word' id='word_1_161' title='bbox 115 2718 193 2802; x_wconf 90' lang='lat' dir='ltr'>quid</span> <span class='ocrx_word' id='word_1_162' title='bbox 224 2737 275 2780; x_wconf 90' lang='lat' dir='ltr'>me</span> <span class='ocrx_word' id='word_1_163' title='bbox 307 2720 366 2816; x_wconf 87' lang='lat' dir='ltr'>put</span> <span class='ocrx_word' id='word_1_164' title='bbox 368 2737 400 2780; x_wconf 91' lang='lat' dir='ltr'>es</span> <span class='ocrx_word' id='word_1_165' title='bbox 434 2715 602 2780; x_wconf 88' lang='lat' dir='ltr'>observare</span> <span class='ocrx_word' id='word_1_166' title='bbox 634 2717 756 2781; x_wconf 90' lang='lat' dir='ltr'>debere.</span> <span class='ocrx_word' id='word_1_167' title='bbox 802 2715 923 2781; x_wconf 88' lang='lat' dir='ltr'>Vereor</span> <span class='ocrx_word' id='word_1_168' title='bbox 955 2717 1056 2800; x_wconf 91' lang='lat' dir='ltr'>enim,</span> <span class='ocrx_word' id='word_1_169' title='bbox 1087 2740 1129 2781; x_wconf 89' lang='lat' dir='ltr'>ne</span> 
     </span>
     <span class='ocr_line' id='line_1_28' title="bbox 114 2805 1128 2890; baseline 0 -19"><span class='ocrx_word' id='word_1_170' title='bbox 114 2811 169 2871; x_wconf 85' lang='lat' dir='ltr'>aut</span> <span class='ocrx_word' id='word_1_171' title='bbox 202 2805 374 2869; x_wconf 85' lang='lat' dir='ltr'>excessisse</span> <span class='ocrx_word' id='word_1_172' title='bbox 405 2809 461 2869; x_wconf 87' lang='lat' dir='ltr'>aut</span> <span class='ocrx_word' id='word_1_173' title='bbox 496 2827 562 2869; x_wconf 91' lang='lat' dir='ltr'>non</span> <span class='ocrx_word' id='word_1_174' title='bbox 598 2805 749 2889; x_wconf 86' lang='lat' dir='ltr'>implesse</span> <span class='ocrx_word' id='word_1_175' title='bbox 786 2806 885 2870; x_wconf 87' lang='lat' dir='ltr'>officii</span> <span class='ocrx_word' id='word_1_176' title='bbox 921 2807 986 2870; x_wconf 91' lang='lat' dir='ltr'>mei</span> <span class='ocrx_word' id='word_1_177' title='bbox 1021 2811 1128 2890; x_wconf 85' lang='lat' dir='ltr'>partes</span> 
     </span>
     <span class='ocr_line' id='line_1_29' title="bbox 114 2888 1183 2959; baseline -0.004 0"><span class='ocrx_word' id='word_1_178' title='bbox 114 2894 231 2959; x_wconf 79' lang='lat' dir='ltr'>videar.</span> <span class='ocrx_word' id='word_1_179' title='bbox 1178 2888 1183 2899; x_wconf 81' lang='lat'>&#39;</span> 
     </span>
    </p>
   </div>
   <div class='ocr_carea' id='block_1_9' title="bbox 459 2983 1171 3141">
    <p class='ocr_par' dir='ltr' id='par_1_9' title="bbox 459 2983 1171 3141">
     <span class='ocr_line' id='line_1_30' title="bbox 482 2983 763 3068; baseline 0 -22"><span class='ocrx_word' id='word_1_180' title='bbox 482 2987 617 3047; x_wconf 78' lang='lat' dir='ltr'>unum.</span> <span class='ocrx_word' id='word_1_181' title='bbox 642 2983 763 3068; x_wconf 80' lang='lat' dir='ltr'>[nvn]</span> 
     </span>
     <span class='ocr_line' id='line_1_31' title="bbox 459 3089 1171 3141; baseline 0.008 -6"><span class='ocrx_word' id='word_1_182' title='bbox 459 3089 630 3137; x_wconf 88' lang='lat' dir='ltr'>TRAIANUS</span> <span class='ocrx_word' id='word_1_183' title='bbox 654 3089 773 3136; x_wconf 91' lang='lat' dir='ltr'>PLINIO</span> <span class='ocrx_word' id='word_1_184' title='bbox 1142 3100 1171 3141; x_wconf 77' lang='grc'>80</span> 
     </span>
    </p>
   </div>
   <div class='ocr_carea' id='block_1_10' title="bbox 79 3176 1128 3565">
    <p class='ocr_par' dir='ltr' id='par_1_10' title="bbox 79 3176 1128 3532">
     <span class='ocr_line' id='line_1_32' title="bbox 79 3176 1128 3281; baseline 0.002 -37"><span class='ocrx_word' id='word_1_185' title='bbox 79 3196 93 3244; x_wconf 84' lang='grc'>1</span> <span class='ocrx_word' id='word_1_186' title='bbox 180 3178 324 3245; x_wconf 87' lang='lat' dir='ltr'>Libellus</span> <span class='ocrx_word' id='word_1_187' title='bbox 336 3176 586 3281; x_wconf 81' lang='lat' dir='ltr'>Apamenorum,</span> <span class='ocrx_word' id='word_1_188' title='bbox 602 3201 696 3262; x_wconf 88' lang='lat' dir='ltr'>quem</span> <span class='ocrx_word' id='word_1_189' title='bbox 712 3179 894 3263; x_wconf 84' lang='lat' dir='ltr'>epistulaet</span> <span class='ocrx_word' id='word_1_190' title='bbox 895 3203 955 3245; x_wconf 85' lang='lat' dir='ltr'>uae</span> <span class='ocrx_word' id='word_1_191' title='bbox 969 3181 1128 3266; x_wconf 75' lang='lat' dir='ltr'>junxeras,</span> 
     </span>
     <span class='ocr_line' id='line_1_33' title="bbox 112 3268 1128 3370; baseline 0.001 -36"><span class='ocrx_word' id='word_1_192' title='bbox 112 3270 237 3334; x_wconf 87' lang='lat' dir='ltr'>remisit</span> <span class='ocrx_word' id='word_1_193' title='bbox 223 3268 341 3334; x_wconf 92' lang='lat' dir='ltr'>tmihi</span> <span class='ocrx_word' id='word_1_194' title='bbox 368 3268 525 3333; x_wconf 89' lang='lat' dir='ltr'>necessit</span> <span class='ocrx_word' id='word_1_195' title='bbox 491 3271 591 3332; x_wconf 89' lang='lat' dir='ltr'>tatem</span> <span class='ocrx_word' id='word_1_196' title='bbox 619 3269 849 3370; x_wconf 84' lang='lat' dir='ltr'>perpendendi,</span> <span class='ocrx_word' id='word_1_197' title='bbox 878 3269 985 3352; x_wconf 85' lang='lat' dir='ltr'>qualia</span> <span class='ocrx_word' id='word_1_198' title='bbox 1013 3275 1128 3358; x_wconf 89' lang='lat' dir='ltr'>essent,</span> 
     </span>
     <span class='ocr_line' id='line_1_34' title="bbox 113 3324 1128 3460; baseline 0 -37"><span class='ocrx_word' id='word_1_199' title='bbox 113 3363 210 3444; x_wconf 89' lang='lat' dir='ltr'>propt</span> <span class='ocrx_word' id='word_1_200' title='bbox 212 3382 245 3424; x_wconf 89' lang='lat' dir='ltr'>er</span> <span class='ocrx_word' id='word_1_201' title='bbox 276 3381 362 3460; x_wconf 40' lang='lat' dir='ltr'>quae·</span> <span class='ocrx_word' id='word_1_202' title='bbox 386 3358 486 3424; x_wconf 80' lang='lat' dir='ltr'>videri</span> <span class='ocrx_word' id='word_1_203' title='bbox 516 3359 630 3421; x_wconf 78' lang='lat' dir='ltr'>volunt</span> <span class='ocrx_word' id='word_1_204' title='bbox 616 3362 732 3440; x_wconf 92' lang='lat' dir='ltr'>teos,</span> <span class='ocrx_word' id='word_1_205' title='bbox 764 3357 819 3441; x_wconf 91' lang='lat' dir='ltr'>qui</span> <span class='ocrx_word' id='word_1_206' title='bbox 849 3380 908 3442; x_wconf 92' lang='lat' dir='ltr'>pro</span> <span class='ocrx_word' id='word_1_207' title='bbox 942 3324 1128 3424; x_wconf 87' lang='lat' dir='ltr'>consulibus</span> 
     </span>
     <span class='ocr_line' id='line_1_35' title="bbox 103 3446 1128 3565; baseline 0.002 -54"><span class='ocrx_word' id='word_1_208' title='bbox 103 3450 195 3512; x_wconf 80' lang='lat' dir='ltr'>banc</span> <span class='ocrx_word' id='word_1_209' title='bbox 209 3447 416 3532; x_wconf 71' lang='lat' dir='ltr'>prouinciam</span> <span class='ocrx_word' id='word_1_210' title='bbox 442 3446 508 3511; x_wconf 93' lang='lat' dir='ltr'>obt</span> <span class='ocrx_word' id='word_1_211' title='bbox 484 3450 658 3530; x_wconf 83' lang='lat' dir='ltr'>ttinuerun,</span> <span class='ocrx_word' id='word_1_212' title='bbox 635 3446 763 3511; x_wconf 84' lang='lat' dir='ltr'>at&#39;bs</span> <span class='ocrx_word' id='word_1_213' title='bbox 739 3446 874 3511; x_wconf 80' lang='lat' dir='ltr'>tinuisse</span> <span class='ocrx_word' id='word_1_214' title='bbox 894 3447 1128 3565; x_wconf 83' lang='lat' dir='ltr'>inspectatione</span> 
     </span>
    </p>
   </div>
   <div class='ocr_carea' id='block_1_11' title="bbox 155 3588 467 3658">
    <p class='ocr_par' dir='ltr' id='par_1_11' title="bbox 155 3588 467 3658">
     <span class='ocr_line' id='line_1_36' title="bbox 155 3588 467 3658; baseline 0.032 -20"><span class='ocrx_word' id='word_1_215' title='bbox 155 3590 190 3638; x_wconf 79' lang='lat'>31</span> <span class='ocrx_word' id='word_1_216' title='bbox 210 3588 369 3658; x_wconf 80' lang='lat' dir='ltr'>Apameor.</span> <span class='ocrx_word' id='word_1_217' title='bbox 393 3591 432 3648; x_wconf 78' lang='lat' dir='ltr'>K.</span> <span class='ocrx_word' id='word_1_218' title='bbox 439 3592 467 3648; x_wconf 92' lang='lat' dir='ltr'>I.</span> 
     </span>
    </p>
   </div>
   <div class='ocr_carea' id='block_1_12' title="bbox 0 0 1266 3862">
    <p class='ocr_par' dir='ltr' id='par_1_12' title="bbox 0 0 1266 3862">
     <span class='ocr_line' id='line_1_37' title="bbox 0 0 1266 3862; baseline 0 0"><span class='ocrx_word' id='word_1_219' title='bbox 0 0 1266 3862; x_wconf 95' lang='lat' dir='ltr'> </span> 
     </span>
    </p>
   </div>
  </div>
 </body>
</html>
