<?xml version="1.0" encoding="UTF-8"?>
<!DOCTYPE html PUBLIC "-//W3C//DTD XHTML 1.0 Transitional//EN"
    "http://www.w3.org/TR/xhtml1/DTD/xhtml1-transitional.dtd">
<html xmlns="http://www.w3.org/1999/xhtml" xml:lang="en" lang="en">
 <head>
  <title>
</title>
<meta http-equiv="Content-Type" content="text/html;charset=utf-8" />
  <meta name='ocr-system' content='tesseract 3.04.00' />
  <meta name='ocr-capabilities' content='ocr_page ocr_carea ocr_par ocr_line ocrx_word'/>
</head>
<body>
  <div class='ocr_page' id='page_1' title='image "./cplinicaecilise04plingoog_0064.png"; bbox 0 0 2506 3862; ppageno 0'>
   <div class='ocr_carea' id='block_1_1' title="bbox 441 216 1127 287">
    <p class='ocr_par' dir='ltr' id='par_1_1' title="bbox 441 216 1127 287">
     <span class='ocr_line' id='line_1_1' title="bbox 441 216 1127 287; baseline -0.001 -17"><span class='ocrx_word' id='word_1_1' title='bbox 441 216 699 272; x_wconf 71' lang='lat' dir='ltr'><strong>scissurarum</strong></span> <span class='ocrx_word' id='word_1_2' title='bbox 716 217 742 272; x_wconf 83' lang='grc' dir='ltr'>Π</span> <span class='ocrx_word' id='word_1_3' title='bbox 761 222 803 273; x_wconf 84' lang='lat' dir='ltr'><strong>1r.</strong></span> <span class='ocrx_word' id='word_1_4' title='bbox 1085 220 1127 287; x_wconf 79' lang='lat'><strong>51</strong></span> 
     </span>
    </p>
   </div>
   <div class='ocr_carea' id='block_1_2' title="bbox 69 377 1181 3312">
    <p class='ocr_par' dir='ltr' id='par_1_2' title="bbox 112 377 1128 732">
     <span class='ocr_line' id='line_1_2' title="bbox 113 377 1127 465; baseline 0.006 -22"><span class='ocrx_word' id='word_1_5' title='bbox 113 382 146 443; x_wconf 89' lang='lat' dir='ltr'><strong>et</strong></span> <span class='ocrx_word' id='word_1_6' title='bbox 179 381 292 444; x_wconf 89' lang='lat' dir='ltr'><strong>somni.</strong></span> <span class='ocrx_word' id='word_1_7' title='bbox 341 377 418 445; x_wconf 88' lang='lat' dir='ltr'><strong>Non</strong></span> <span class='ocrx_word' id='word_1_8' title='bbox 450 380 531 445; x_wconf 90' lang='lat' dir='ltr'><strong>illud</strong></span> <span class='ocrx_word' id='word_1_9' title='bbox 563 401 657 445; x_wconf 89' lang='lat' dir='ltr'><strong>voces</strong></span> <span class='ocrx_word' id='word_1_10' title='bbox 687 383 900 465; x_wconf 82' lang='lat' dir='ltr'><strong>servulorum,</strong></span> <span class='ocrx_word' id='word_1_11' title='bbox 932 404 998 446; x_wconf 95' lang='lat' dir='ltr'><strong>non</strong></span> <span class='ocrx_word' id='word_1_12' title='bbox 1029 384 1127 449; x_wconf 91' lang='lat' dir='ltr'><strong>maris</strong></span> 
     </span>
     <span class='ocr_line' id='line_1_3' title="bbox 112 470 1128 556; baseline 0.003 -24"><span class='ocrx_word' id='word_1_13' title='bbox 112 491 267 552; x_wconf 85' lang='lat' dir='ltr'><strong>murmur,</strong></span> <span class='ocrx_word' id='word_1_14' title='bbox 285 491 352 534; x_wconf 95' lang='lat' dir='ltr'><strong>non</strong></span> <span class='ocrx_word' id='word_1_15' title='bbox 369 473 598 553; x_wconf 78' lang='lat' dir='ltr'><strong>tempestatum</strong></span> <span class='ocrx_word' id='word_1_16' title='bbox 616 474 733 554; x_wconf 90' lang='lat' dir='ltr'><strong>motus,</strong></span> <span class='ocrx_word' id='word_1_17' title='bbox 751 493 817 535; x_wconf 93' lang='lat' dir='ltr'><strong>non</strong></span> <span class='ocrx_word' id='word_1_18' title='bbox 833 470 999 556; x_wconf 76' lang='lat' dir='ltr'><strong>fulgurum</strong></span> <span class='ocrx_word' id='word_1_19' title='bbox 1017 472 1128 535; x_wconf 90' lang='lat' dir='ltr'><strong>lumen</strong></span> 
     </span>
     <span class='ocr_line' id='line_1_4' title="bbox 112 557 1126 643; baseline 0.004 -22"><span class='ocrx_word' id='word_1_20' title='bbox 112 579 151 621; x_wconf 91' lang='lat' dir='ltr'><strong>ac</strong></span> <span class='ocrx_word' id='word_1_21' title='bbox 174 580 214 622; x_wconf 91' lang='lat' dir='ltr'><strong>ne</strong></span> <span class='ocrx_word' id='word_1_22' title='bbox 239 558 323 622; x_wconf 91' lang='lat' dir='ltr'><strong>diem</strong></span> <span class='ocrx_word' id='word_1_23' title='bbox 348 557 477 642; x_wconf 88' lang='lat' dir='ltr'><strong>quidem</strong></span> <span class='ocrx_word' id='word_1_24' title='bbox 506 560 604 623; x_wconf 88' lang='lat' dir='ltr'><strong>sentit</strong></span> <span class='ocrx_word' id='word_1_25' title='bbox 630 559 694 623; x_wconf 90' lang='lat' dir='ltr'><strong>nisi</strong></span> <span class='ocrx_word' id='word_1_26' title='bbox 716 559 864 624; x_wconf 82' lang='lat' dir='ltr'><strong>fenestris</strong></span> <span class='ocrx_word' id='word_1_27' title='bbox 887 561 1013 643; x_wconf 84' lang='lat' dir='ltr'><strong>apertis.</strong></span> <span class='ocrx_word' id='word_1_28' title='bbox 1046 560 1126 625; x_wconf 82' lang='lat' dir='ltr'><strong>Tam</strong></span> 
     </span>
     <span class='ocr_line' id='line_1_5' title="bbox 112 647 1127 732; baseline 0.004 -22"><span class='ocrx_word' id='word_1_29' title='bbox 112 647 171 711; x_wconf 91' lang='lat' dir='ltr'><strong>alti</strong></span> <span class='ocrx_word' id='word_1_30' title='bbox 189 648 355 731; x_wconf 89' lang='lat' dir='ltr'><strong>abditique</strong></span> <span class='ocrx_word' id='word_1_31' title='bbox 374 648 487 712; x_wconf 83' lang='lat' dir='ltr'><strong>secreti</strong></span> <span class='ocrx_word' id='word_1_32' title='bbox 505 648 561 712; x_wconf 91' lang='lat' dir='ltr'><strong>illa</strong></span> <span class='ocrx_word' id='word_1_33' title='bbox 579 648 671 730; x_wconf 89' lang='lat' dir='ltr'><strong>ratio,</strong></span> <span class='ocrx_word' id='word_1_34' title='bbox 691 648 778 732; x_wconf 92' lang='lat' dir='ltr'><strong>quod</strong></span> <span class='ocrx_word' id='word_1_35' title='bbox 796 649 985 713; x_wconf 90' lang='lat' dir='ltr'><strong>interiacens</strong></span> <span class='ocrx_word' id='word_1_36' title='bbox 1004 649 1127 714; x_wconf 90' lang='lat' dir='ltr'><strong>andron</strong></span> 
     </span>
    </p>

    <p class='ocr_par' dir='ltr' id='par_1_3' title="bbox 86 736 1181 1178">
     <span class='ocr_line' id='line_1_6' title="bbox 86 736 1126 822; baseline 0.001 -21"><span class='ocrx_word' id='word_1_37' title='bbox 86 737 267 820; x_wconf 78' lang='lat' dir='ltr'><strong>sparietem</strong></span> <span class='ocrx_word' id='word_1_38' title='bbox 291 736 431 801; x_wconf 87' lang='lat' dir='ltr'><strong>cubiculi</strong></span> <span class='ocrx_word' id='word_1_39' title='bbox 448 738 599 819; x_wconf 89' lang='lat' dir='ltr'><strong>hortique</strong></span> <span class='ocrx_word' id='word_1_40' title='bbox 623 736 793 822; x_wconf 80' lang='lat' dir='ltr'><strong>distinguit</strong></span> <span class='ocrx_word' id='word_1_41' title='bbox 811 742 907 821; x_wconf 91' lang='lat' dir='ltr'><strong>atque</strong></span> <span class='ocrx_word' id='word_1_42' title='bbox 930 738 975 801; x_wconf 88' lang='lat' dir='ltr'><strong>ita</strong></span> <span class='ocrx_word' id='word_1_43' title='bbox 999 759 1126 802; x_wconf 92' lang='lat' dir='ltr'><strong>omnem</strong></span> 
     </span>
     <span class='ocr_line' id='line_1_7' title="bbox 112 824 1181 910; baseline 0.006 -21"><span class='ocrx_word' id='word_1_44' title='bbox 112 847 229 890; x_wconf 91' lang='lat' dir='ltr'><strong>sonum</strong></span> <span class='ocrx_word' id='word_1_45' title='bbox 248 826 352 889; x_wconf 91' lang='lat' dir='ltr'><strong>media</strong></span> <span class='ocrx_word' id='word_1_46' title='bbox 370 826 525 890; x_wconf 88' lang='lat' dir='ltr'><strong>inanitate</strong></span> <span class='ocrx_word' id='word_1_47' title='bbox 545 827 712 890; x_wconf 82' lang='lat' dir='ltr'><strong>consumit</strong></span> <span class='ocrx_word' id='word_1_48' title='bbox 749 824 949 910; x_wconf 86' lang='lat' dir='ltr'><strong>Adplicitum</strong></span> <span class='ocrx_word' id='word_1_49' title='bbox 972 830 1021 891; x_wconf 92' lang='lat' dir='ltr'><strong>est</strong></span> <span class='ocrx_word' id='word_1_50' title='bbox 1040 827 1126 890; x_wconf 91' lang='lat' dir='ltr'><strong>cubi·</strong></span> <span class='ocrx_word' id='word_1_51' title='bbox 1145 847 1181 895; x_wconf 76' lang='lat' dir='ltr'><strong>aa</strong></span> 
     </span>
     <span class='ocr_line' id='line_1_8' title="bbox 113 915 1126 1000; baseline 0.001 -21"><span class='ocrx_word' id='word_1_52' title='bbox 113 915 186 979; x_wconf 89' lang='lat' dir='ltr'><strong>culo</strong></span> <span class='ocrx_word' id='word_1_53' title='bbox 214 915 438 998; x_wconf 81' lang='lat' dir='ltr'><strong>hypocauston</strong></span> <span class='ocrx_word' id='word_1_54' title='bbox 464 915 688 1000; x_wconf 85' lang='lat' dir='ltr'><strong>perexiguum,</strong></span> <span class='ocrx_word' id='word_1_55' title='bbox 711 915 799 998; x_wconf 91' lang='lat' dir='ltr'><strong>quod</strong></span> <span class='ocrx_word' id='word_1_56' title='bbox 825 918 963 1000; x_wconf 80' lang='lat' dir='ltr'><strong>angusta</strong></span> <span class='ocrx_word' id='word_1_57' title='bbox 986 915 1126 980; x_wconf 88' lang='lat' dir='ltr'><strong>fenestra</strong></span> 
     </span>
     <span class='ocr_line' id='line_1_9' title="bbox 113 1003 1127 1088; baseline 0.001 -20"><span class='ocrx_word' id='word_1_58' title='bbox 113 1005 316 1087; x_wconf 88' lang='lat' dir='ltr'><strong>suppositum</strong></span> <span class='ocrx_word' id='word_1_59' title='bbox 344 1004 496 1087; x_wconf 88' lang='lat' dir='ltr'><strong>calorem,</strong></span> <span class='ocrx_word' id='word_1_60' title='bbox 524 1008 561 1068; x_wconf 90' lang='lat' dir='ltr'><strong>ut</strong></span> <span class='ocrx_word' id='word_1_61' title='bbox 588 1004 671 1068; x_wconf 87' lang='lat' dir='ltr'><strong>ratio</strong></span> <span class='ocrx_word' id='word_1_62' title='bbox 695 1005 809 1088; x_wconf 83' lang='lat' dir='ltr'><strong>exigit,</strong></span> <span class='ocrx_word' id='word_1_63' title='bbox 834 1008 890 1068; x_wconf 88' lang='lat' dir='ltr'><strong>aut</strong></span> <span class='ocrx_word' id='word_1_64' title='bbox 913 1003 1048 1068; x_wconf 85' lang='lat' dir='ltr'><strong>effundit</strong></span> <span class='ocrx_word' id='word_1_65' title='bbox 1071 1009 1127 1069; x_wconf 91' lang='lat' dir='ltr'><strong>aut</strong></span> 
     </span>
     <span class='ocr_line' id='line_1_10' title="bbox 111 1091 1127 1178; baseline 0.002 -22"><span class='ocrx_word' id='word_1_66' title='bbox 111 1094 236 1157; x_wconf 88' lang='lat' dir='ltr'><strong>retinet.</strong></span> <span class='ocrx_word' id='word_1_67' title='bbox 287 1091 467 1157; x_wconf 89' lang='lat' dir='ltr'><strong>Procoeton</strong></span> <span class='ocrx_word' id='word_1_68' title='bbox 499 1093 573 1157; x_wconf 90' lang='lat' dir='ltr'><strong>inde</strong></span> <span class='ocrx_word' id='word_1_69' title='bbox 605 1096 637 1157; x_wconf 90' lang='lat' dir='ltr'><strong>et</strong></span> <span class='ocrx_word' id='word_1_70' title='bbox 669 1092 852 1157; x_wconf 89' lang='lat' dir='ltr'><strong>cubiculum</strong></span> <span class='ocrx_word' id='word_1_71' title='bbox 884 1093 1061 1178; x_wconf 86' lang='lat' dir='ltr'><strong>porrigitur</strong></span> <span class='ocrx_word' id='word_1_72' title='bbox 1092 1094 1127 1158; x_wconf 90' lang='lat' dir='ltr'><strong>in</strong></span> 
     </span>
    </p>

    <p class='ocr_par' dir='ltr' id='par_1_4' title="bbox 70 1181 1180 1622">
     <span class='ocr_line' id='line_1_11' title="bbox 70 1181 1125 1266; baseline 0 -20"><span class='ocrx_word' id='word_1_73' title='bbox 70 1205 98 1246; x_wconf 88' lang='lat'><strong>10</strong></span> <span class='ocrx_word' id='word_1_74' title='bbox 112 1183 223 1266; x_wconf 92' lang='lat' dir='ltr'><strong>solem,</strong></span> <span class='ocrx_word' id='word_1_75' title='bbox 242 1204 337 1265; x_wconf 88' lang='lat' dir='ltr'><strong>quem</strong></span> <span class='ocrx_word' id='word_1_76' title='bbox 357 1183 512 1246; x_wconf 87' lang='lat' dir='ltr'><strong>orientem</strong></span> <span class='ocrx_word' id='word_1_77' title='bbox 532 1182 641 1246; x_wconf 87' lang='lat' dir='ltr'><strong>statim</strong></span> <span class='ocrx_word' id='word_1_78' title='bbox 661 1186 830 1265; x_wconf 87' lang='lat' dir='ltr'><strong>exceptum</strong></span> <span class='ocrx_word' id='word_1_79' title='bbox 852 1182 937 1246; x_wconf 85' lang='lat' dir='ltr'><strong>ultra</strong></span> <span class='ocrx_word' id='word_1_80' title='bbox 960 1181 1125 1246; x_wconf 88' lang='lat' dir='ltr'><strong>meridiem</strong></span> 
     </span>
     <span class='ocr_line' id='line_1_12' title="bbox 113 1269 1180 1355; baseline 0.005 -20"><span class='ocrx_word' id='word_1_81' title='bbox 113 1270 254 1335; x_wconf 91' lang='lat' dir='ltr'><strong>oblicum</strong></span> <span class='ocrx_word' id='word_1_82' title='bbox 278 1270 415 1355; x_wconf 90' lang='lat' dir='ltr'><strong>quidem,</strong></span> <span class='ocrx_word' id='word_1_83' title='bbox 435 1270 490 1335; x_wconf 89' lang='lat' dir='ltr'><strong>sed</strong></span> <span class='ocrx_word' id='word_1_84' title='bbox 513 1274 621 1335; x_wconf 88' lang='lat' dir='ltr'><strong>tamen</strong></span> <span class='ocrx_word' id='word_1_85' title='bbox 644 1274 756 1336; x_wconf 82' lang='lat' dir='ltr'><strong>servat.</strong></span> <span class='ocrx_word' id='word_1_86' title='bbox 793 1269 832 1334; x_wconf 87' lang='lat' dir='ltr'><strong>In</strong></span> <span class='ocrx_word' id='word_1_87' title='bbox 854 1270 937 1335; x_wconf 92' lang='lat' dir='ltr'><strong>hanc</strong></span> <span class='ocrx_word' id='word_1_88' title='bbox 958 1291 1017 1355; x_wconf 84' lang='lat' dir='ltr'><strong>ego</strong></span> <span class='ocrx_word' id='word_1_89' title='bbox 1042 1270 1124 1334; x_wconf 91' lang='lat' dir='ltr'><strong>diae·</strong></span> <span class='ocrx_word' id='word_1_90' title='bbox 1144 1291 1180 1339; x_wconf 78' lang='lat'><strong>24</strong></span> 
     </span>
     <span class='ocr_line' id='line_1_13' title="bbox 111 1359 1125 1444; baseline 0 -20"><span class='ocrx_word' id='word_1_91' title='bbox 111 1363 180 1424; x_wconf 90' lang='lat' dir='ltr'><strong>tam</strong></span> <span class='ocrx_word' id='word_1_92' title='bbox 207 1381 280 1425; x_wconf 91' lang='lat' dir='ltr'><strong>cum</strong></span> <span class='ocrx_word' id='word_1_93' title='bbox 308 1382 359 1424; x_wconf 91' lang='lat' dir='ltr'><strong>me</strong></span> <span class='ocrx_word' id='word_1_94' title='bbox 385 1360 505 1444; x_wconf 85' lang='lat' dir='ltr'><strong>recepi,</strong></span> <span class='ocrx_word' id='word_1_95' title='bbox 532 1360 642 1432; x_wconf 87' lang='lat' dir='ltr'><strong>abesse</strong></span> <span class='ocrx_word' id='word_1_96' title='bbox 670 1359 751 1424; x_wconf 92' lang='lat' dir='ltr'><strong>mihi</strong></span> <span class='ocrx_word' id='word_1_97' title='bbox 779 1360 875 1424; x_wconf 91' lang='lat' dir='ltr'><strong>etiam</strong></span> <span class='ocrx_word' id='word_1_98' title='bbox 904 1382 923 1423; x_wconf 91' lang='lat' dir='ltr'><strong>a</strong></span> <span class='ocrx_word' id='word_1_99' title='bbox 950 1361 1027 1425; x_wconf 84' lang='lat' dir='ltr'><strong>villa</strong></span> <span class='ocrx_word' id='word_1_100' title='bbox 1054 1382 1125 1424; x_wconf 88' lang='lat' dir='ltr'><strong>mea</strong></span> 
     </span>
     <span class='ocr_line' id='line_1_14' title="bbox 111 1446 1124 1533; baseline 0 -21"><span class='ocrx_word' id='word_1_101' title='bbox 111 1449 223 1513; x_wconf 84' lang='lat' dir='ltr'><strong>videor</strong></span> <span class='ocrx_word' id='word_1_102' title='bbox 250 1469 463 1533; x_wconf 83' lang='lat' dir='ltr'><strong>magnamque</strong></span> <span class='ocrx_word' id='word_1_103' title='bbox 491 1450 560 1513; x_wconf 91' lang='lat' dir='ltr'><strong>eius</strong></span> <span class='ocrx_word' id='word_1_104' title='bbox 586 1449 786 1532; x_wconf 84' lang='lat' dir='ltr'><strong>voluptatem</strong></span> <span class='ocrx_word' id='word_1_105' title='bbox 818 1450 988 1532; x_wconf 88' lang='lat' dir='ltr'><strong>praecipue</strong></span> <span class='ocrx_word' id='word_1_106' title='bbox 1016 1446 1124 1513; x_wconf 83' lang='lat' dir='ltr'><strong>Satur-</strong></span> 
     </span>
     <span class='ocr_line' id='line_1_15' title="bbox 110 1538 1124 1622; baseline 0 -20"><span class='ocrx_word' id='word_1_107' title='bbox 110 1538 239 1602; x_wconf 91' lang='lat' dir='ltr'><strong>nalibus</strong></span> <span class='ocrx_word' id='word_1_108' title='bbox 268 1538 372 1622; x_wconf 88' lang='lat' dir='ltr'><strong>capio,</strong></span> <span class='ocrx_word' id='word_1_109' title='bbox 400 1559 473 1602; x_wconf 90' lang='lat' dir='ltr'><strong>oum</strong></span> <span class='ocrx_word' id='word_1_110' title='bbox 501 1539 625 1622; x_wconf 90' lang='lat' dir='ltr'><strong>reliqua</strong></span> <span class='ocrx_word' id='word_1_111' title='bbox 646 1559 720 1622; x_wconf 86' lang='lat' dir='ltr'><strong>pars</strong></span> <span class='ocrx_word' id='word_1_112' title='bbox 748 1539 827 1602; x_wconf 91' lang='lat' dir='ltr'><strong>tecti</strong></span> <span class='ocrx_word' id='word_1_113' title='bbox 848 1538 978 1603; x_wconf 91' lang='lat' dir='ltr'><strong>licentia</strong></span> <span class='ocrx_word' id='word_1_114' title='bbox 1001 1538 1124 1602; x_wconf 90' lang='lat' dir='ltr'><strong>dierum</strong></span> 
     </span>
    </p>

    <p class='ocr_par' dir='ltr' id='par_1_5' title="bbox 71 1626 1177 2065">
     <span class='ocr_line' id='line_1_16' title="bbox 71 1626 1124 1711; baseline 0.001 -21"><span class='ocrx_word' id='word_1_115' title='bbox 71 1651 97 1690; x_wconf 85' lang='lat'><strong>15</strong></span> <span class='ocrx_word' id='word_1_116' title='bbox 111 1626 266 1710; x_wconf 87' lang='lat' dir='ltr'><strong>festisque</strong></span> <span class='ocrx_word' id='word_1_117' title='bbox 289 1626 483 1691; x_wconf 89' lang='lat' dir='ltr'><strong>clamoribus</strong></span> <span class='ocrx_word' id='word_1_118' title='bbox 506 1630 670 1711; x_wconf 84' lang='lat' dir='ltr'><strong>personat3</strong></span> <span class='ocrx_word' id='word_1_119' title='bbox 696 1649 772 1691; x_wconf 93' lang='lat' dir='ltr'><strong>nam</strong></span> <span class='ocrx_word' id='word_1_120' title='bbox 800 1647 859 1691; x_wconf 92' lang='lat' dir='ltr'><strong>nec</strong></span> <span class='ocrx_word' id='word_1_121' title='bbox 886 1627 954 1709; x_wconf 92' lang='lat' dir='ltr'><strong>ipse</strong></span> <span class='ocrx_word' id='word_1_122' title='bbox 979 1649 1124 1691; x_wconf 91' lang='lat' dir='ltr'><strong>meorum</strong></span> 
     </span>
     <span class='ocr_line' id='line_1_17' title="bbox 111 1713 1177 1799; baseline 0 -17"><span class='ocrx_word' id='word_1_123' title='bbox 111 1715 237 1783; x_wconf 89' lang='lat' dir='ltr'><strong>lusibus</strong></span> <span class='ocrx_word' id='word_1_124' title='bbox 259 1737 318 1781; x_wconf 93' lang='lat' dir='ltr'><strong>nec</strong></span> <span class='ocrx_word' id='word_1_125' title='bbox 339 1717 389 1780; x_wconf 91' lang='lat' dir='ltr'><strong>illi</strong></span> <span class='ocrx_word' id='word_1_126' title='bbox 407 1716 521 1781; x_wconf 91' lang='lat' dir='ltr'><strong>studiis</strong></span> <span class='ocrx_word' id='word_1_127' title='bbox 544 1717 624 1780; x_wconf 91' lang='lat' dir='ltr'><strong>meis</strong></span> <span class='ocrx_word' id='word_1_128' title='bbox 648 1718 843 1799; x_wconf 89' lang='lat' dir='ltr'><strong>obstrepunt</strong></span> <span class='ocrx_word' id='word_1_129' title='bbox 880 1713 968 1779; x_wconf 91' lang='lat' dir='ltr'><strong>Haec</strong></span> <span class='ocrx_word' id='word_1_130' title='bbox 991 1715 1124 1798; x_wconf 89' lang='lat' dir='ltr'><strong>utilitas,</strong></span> <span class='ocrx_word' id='word_1_131' title='bbox 1143 1733 1177 1782; x_wconf 77' lang='lat'><strong>25</strong></span> 
     </span>
     <span class='ocr_line' id='line_1_18' title="bbox 110 1802 1124 1887; baseline -0.002 -18"><span class='ocrx_word' id='word_1_132' title='bbox 110 1805 191 1870; x_wconf 91' lang='lat' dir='ltr'><strong>haec</strong></span> <span class='ocrx_word' id='word_1_133' title='bbox 217 1805 394 1870; x_wconf 82' lang='lat' dir='ltr'><strong>amoenitas</strong></span> <span class='ocrx_word' id='word_1_134' title='bbox 423 1805 570 1869; x_wconf 89' lang='lat' dir='ltr'><strong>deficitur</strong></span> <span class='ocrx_word' id='word_1_135' title='bbox 597 1825 679 1886; x_wconf 91' lang='lat' dir='ltr'><strong>aqua</strong></span> <span class='ocrx_word' id='word_1_136' title='bbox 708 1803 843 1885; x_wconf 84' lang='lat' dir='ltr'><strong>salienti,</strong></span> <span class='ocrx_word' id='word_1_137' title='bbox 872 1802 927 1868; x_wconf 91' lang='lat' dir='ltr'><strong>sed</strong></span> <span class='ocrx_word' id='word_1_138' title='bbox 948 1807 1063 1887; x_wconf 89' lang='lat' dir='ltr'><strong>puteos</strong></span> <span class='ocrx_word' id='word_1_139' title='bbox 1087 1825 1124 1868; x_wconf 92' lang='lat' dir='ltr'><strong>ac</strong></span> 
     </span>
     <span class='ocr_line' id='line_1_19' title="bbox 110 1891 1123 1978; baseline -0.002 -19"><span class='ocrx_word' id='word_1_140' title='bbox 110 1896 220 1978; x_wconf 91' lang='lat' dir='ltr'><strong>potius</strong></span> <span class='ocrx_word' id='word_1_141' title='bbox 237 1895 343 1959; x_wconf 87' lang='lat' dir='ltr'><strong>fontes</strong></span> <span class='ocrx_word' id='word_1_142' title='bbox 361 1893 471 1975; x_wconf 84' lang='lat' dir='ltr'><strong>habet3</strong></span> <span class='ocrx_word' id='word_1_143' title='bbox 495 1897 570 1958; x_wconf 91' lang='lat' dir='ltr'><strong>sunt</strong></span> <span class='ocrx_word' id='word_1_144' title='bbox 593 1893 677 1957; x_wconf 90' lang='lat' dir='ltr'><strong>enim</strong></span> <span class='ocrx_word' id='word_1_145' title='bbox 697 1893 731 1956; x_wconf 93' lang='lat' dir='ltr'><strong>in</strong></span> <span class='ocrx_word' id='word_1_146' title='bbox 754 1914 888 1957; x_wconf 85' lang='lat' dir='ltr'><strong>summe.</strong></span> <span class='ocrx_word' id='word_1_147' title='bbox 924 1891 969 1956; x_wconf 83' lang='lat' dir='ltr'><strong>Et</strong></span> <span class='ocrx_word' id='word_1_148' title='bbox 992 1893 1123 1957; x_wconf 92' lang='lat' dir='ltr'><strong>omnino</strong></span> 
     </span>
     <span class='ocr_line' id='line_1_20' title="bbox 110 1979 1123 2065; baseline -0.001 -18"><span class='ocrx_word' id='word_1_149' title='bbox 110 1984 216 2048; x_wconf 91' lang='lat' dir='ltr'><strong>litoris</strong></span> <span class='ocrx_word' id='word_1_150' title='bbox 246 1984 332 2047; x_wconf 88' lang='lat' dir='ltr'><strong>illius</strong></span> <span class='ocrx_word' id='word_1_151' title='bbox 364 1984 445 2047; x_wconf 92' lang='lat' dir='ltr'><strong>mira</strong></span> <span class='ocrx_word' id='word_1_152' title='bbox 476 1986 599 2047; x_wconf 88' lang='lat' dir='ltr'><strong>natura.</strong></span> <span class='ocrx_word' id='word_1_153' title='bbox 639 1979 848 2065; x_wconf 87' lang='lat' dir='ltr'><strong>Quocumque</strong></span> <span class='ocrx_word' id='word_1_154' title='bbox 879 1982 952 2046; x_wconf 93' lang='lat' dir='ltr'><strong>loco</strong></span> <span class='ocrx_word' id='word_1_155' title='bbox 985 1983 1123 2046; x_wconf 79' lang='lat' dir='ltr'><strong>moveris</strong></span> 
     </span>
    </p>

    <p class='ocr_par' dir='ltr' id='par_1_6' title="bbox 70 2071 1175 2511">
     <span class='ocr_line' id='line_1_21' title="bbox 70 2071 1123 2156; baseline 0 -22"><span class='ocrx_word' id='word_1_156' title='bbox 70 2095 97 2134; x_wconf 79' lang='lat' dir='ltr'><strong>ao</strong></span> <span class='ocrx_word' id='word_1_157' title='bbox 110 2072 255 2156; x_wconf 91' lang='lat' dir='ltr'><strong>humum,</strong></span> <span class='ocrx_word' id='word_1_158' title='bbox 279 2071 392 2136; x_wconf 84' lang='lat' dir='ltr'><strong>obvius</strong></span> <span class='ocrx_word' id='word_1_159' title='bbox 416 2076 448 2137; x_wconf 90' lang='lat' dir='ltr'><strong>et</strong></span> <span class='ocrx_word' id='word_1_160' title='bbox 470 2075 601 2155; x_wconf 90' lang='lat' dir='ltr'><strong>paratus</strong></span> <span class='ocrx_word' id='word_1_161' title='bbox 623 2093 717 2135; x_wconf 91' lang='lat' dir='ltr'><strong>umor</strong></span> <span class='ocrx_word' id='word_1_162' title='bbox 745 2072 883 2136; x_wconf 88' lang='lat' dir='ltr'><strong>occurrit</strong></span> <span class='ocrx_word' id='word_1_163' title='bbox 910 2071 1000 2154; x_wconf 89' lang='lat' dir='ltr'><strong>isque</strong></span> <span class='ocrx_word' id='word_1_164' title='bbox 1024 2072 1123 2135; x_wconf 91' lang='lat' dir='ltr'><strong>since-</strong></span> 
     </span>
     <span class='ocr_line' id='line_1_22' title="bbox 110 2159 1122 2243; baseline -0.003 -17"><span class='ocrx_word' id='word_1_165' title='bbox 110 2184 165 2226; x_wconf 93' lang='lat' dir='ltr'><strong>rus</strong></span> <span class='ocrx_word' id='word_1_166' title='bbox 192 2183 230 2227; x_wconf 91' lang='lat' dir='ltr'><strong>ac</strong></span> <span class='ocrx_word' id='word_1_167' title='bbox 257 2183 297 2225; x_wconf 92' lang='lat' dir='ltr'><strong>ne</strong></span> <span class='ocrx_word' id='word_1_168' title='bbox 324 2161 438 2225; x_wconf 84' lang='lat' dir='ltr'><strong>leviter</strong></span> <span class='ocrx_word' id='word_1_169' title='bbox 465 2159 594 2243; x_wconf 91' lang='lat' dir='ltr'><strong>quidem</strong></span> <span class='ocrx_word' id='word_1_170' title='bbox 621 2163 712 2225; x_wconf 89' lang='lat' dir='ltr'><strong>tanta</strong></span> <span class='ocrx_word' id='word_1_171' title='bbox 738 2161 835 2224; x_wconf 89' lang='lat' dir='ltr'><strong>maris</strong></span> <span class='ocrx_word' id='word_1_172' title='bbox 863 2160 1027 2225; x_wconf 88' lang='lat' dir='ltr'><strong>vicinitate</strong></span> <span class='ocrx_word' id='word_1_173' title='bbox 1055 2181 1122 2225; x_wconf 94' lang='lat' dir='ltr'><strong>cor·</strong></span> 
     </span>
     <span class='ocr_line' id='line_1_23' title="bbox 110 2248 1175 2334; baseline -0.001 -19"><span class='ocrx_word' id='word_1_174' title='bbox 110 2256 233 2334; x_wconf 91' lang='lat' dir='ltr'><strong>ruptus.</strong></span> <span class='ocrx_word' id='word_1_175' title='bbox 275 2248 459 2334; x_wconf 80' lang='lat' dir='ltr'><strong>Suggerunt</strong></span> <span class='ocrx_word' id='word_1_176' title='bbox 483 2249 616 2313; x_wconf 76' lang='lat' dir='ltr'><strong>adfatim</strong></span> <span class='ocrx_word' id='word_1_177' title='bbox 638 2249 727 2334; x_wconf 80' lang='lat' dir='ltr'><strong>ligna</strong></span> <span class='ocrx_word' id='word_1_178' title='bbox 750 2249 915 2332; x_wconf 81' lang='lat' dir='ltr'><strong>proximae</strong></span> <span class='ocrx_word' id='word_1_179' title='bbox 939 2248 1050 2329; x_wconf 81' lang='lat' dir='ltr'><strong>silvae3</strong></span> <span class='ocrx_word' id='word_1_180' title='bbox 1074 2268 1121 2312; x_wconf 93' lang='lat' dir='ltr'><strong>ce·</strong></span> <span class='ocrx_word' id='word_1_181' title='bbox 1141 2266 1175 2314; x_wconf 77' lang='lat'><strong>26</strong></span> 
     </span>
     <span class='ocr_line' id='line_1_24' title="bbox 110 2335 1121 2423; baseline -0.005 -19"><span class='ocrx_word' id='word_1_182' title='bbox 110 2344 195 2404; x_wconf 91' lang='lat' dir='ltr'><strong>teras</strong></span> <span class='ocrx_word' id='word_1_183' title='bbox 214 2340 322 2423; x_wconf 89' lang='lat' dir='ltr'><strong>copias</strong></span> <span class='ocrx_word' id='word_1_184' title='bbox 341 2336 497 2402; x_wconf 87' lang='lat' dir='ltr'><strong>Ostiensis</strong></span> <span class='ocrx_word' id='word_1_185' title='bbox 521 2338 647 2402; x_wconf 91' lang='lat' dir='ltr'><strong>colonia</strong></span> <span class='ocrx_word' id='word_1_186' title='bbox 665 2338 835 2402; x_wconf 85' lang='lat' dir='ltr'><strong>ministrat.</strong></span> <span class='ocrx_word' id='word_1_187' title='bbox 870 2335 970 2422; x_wconf 77' lang='lat' dir='ltr'><strong>Frugi</strong></span> <span class='ocrx_word' id='word_1_188' title='bbox 993 2336 1121 2419; x_wconf 90' lang='lat' dir='ltr'><strong>quidem</strong></span> 
     </span>
     <span class='ocr_line' id='line_1_25' title="bbox 110 2424 1121 2511; baseline -0.004 -19"><span class='ocrx_word' id='word_1_189' title='bbox 110 2429 235 2493; x_wconf 92' lang='lat' dir='ltr'><strong>homini</strong></span> <span class='ocrx_word' id='word_1_190' title='bbox 259 2427 379 2492; x_wconf 86' lang='lat' dir='ltr'><strong>sufficit</strong></span> <span class='ocrx_word' id='word_1_191' title='bbox 402 2428 498 2492; x_wconf 88' lang='lat' dir='ltr'><strong>etiam</strong></span> <span class='ocrx_word' id='word_1_192' title='bbox 521 2427 625 2511; x_wconf 84' lang='lat' dir='ltr'><strong>vicus,</strong></span> <span class='ocrx_word' id='word_1_193' title='bbox 652 2449 747 2509; x_wconf 88' lang='lat' dir='ltr'><strong>quem</strong></span> <span class='ocrx_word' id='word_1_194' title='bbox 775 2447 839 2489; x_wconf 91' lang='lat' dir='ltr'><strong>una</strong></span> <span class='ocrx_word' id='word_1_195' title='bbox 861 2426 938 2489; x_wconf 83' lang='lat' dir='ltr'><strong>villa</strong></span> <span class='ocrx_word' id='word_1_196' title='bbox 963 2424 1121 2489; x_wconf 89' lang='lat' dir='ltr'><strong>discernit.</strong></span> 
     </span>
    </p>

    <p class='ocr_par' dir='ltr' id='par_1_7' title="bbox 70 2512 1174 2958">
     <span class='ocr_line' id='line_1_26' title="bbox 70 2512 1123 2600; baseline -0.004 -20"><span class='ocrx_word' id='word_1_197' title='bbox 70 2540 95 2581; x_wconf 81' lang='lat' dir='ltr'><strong>ss</strong></span> <span class='ocrx_word' id='word_1_198' title='bbox 110 2515 151 2581; x_wconf 93' lang='lat' dir='ltr'><strong>In</strong></span> <span class='ocrx_word' id='word_1_199' title='bbox 177 2517 239 2582; x_wconf 92' lang='lat' dir='ltr'><strong>hoc</strong></span> <span class='ocrx_word' id='word_1_200' title='bbox 267 2517 393 2580; x_wconf 88' lang='lat' dir='ltr'><strong>balinea</strong></span> <span class='ocrx_word' id='word_1_201' title='bbox 420 2517 583 2581; x_wconf 88' lang='lat' dir='ltr'><strong>meritoria</strong></span> <span class='ocrx_word' id='word_1_202' title='bbox 610 2516 681 2598; x_wconf 87' lang='lat' dir='ltr'><strong>tria,</strong></span> <span class='ocrx_word' id='word_1_203' title='bbox 707 2536 824 2600; x_wconf 83' lang='lat' dir='ltr'><strong>magna</strong></span> <span class='ocrx_word' id='word_1_204' title='bbox 852 2512 1071 2594; x_wconf 90' lang='lat' dir='ltr'><strong>commoditas,</strong></span> <span class='ocrx_word' id='word_1_205' title='bbox 1095 2514 1123 2576; x_wconf 93' lang='lat' dir='ltr'><strong>si</strong></span> 
     </span>
     <span class='ocr_line' id='line_1_27' title="bbox 109 2600 1122 2670; baseline -0.004 0"><span class='ocrx_word' id='word_1_206' title='bbox 109 2605 195 2670; x_wconf 83' lang='lat' dir='ltr'><strong>forte</strong></span> <span class='ocrx_word' id='word_1_207' title='bbox 217 2605 379 2670; x_wconf 89' lang='lat' dir='ltr'><strong>balineum</strong></span> <span class='ocrx_word' id='word_1_208' title='bbox 402 2605 491 2669; x_wconf 91' lang='lat' dir='ltr'><strong>domi</strong></span> <span class='ocrx_word' id='word_1_209' title='bbox 515 2605 567 2669; x_wconf 83' lang='lat' dir='ltr'><strong>vel</strong></span> <span class='ocrx_word' id='word_1_210' title='bbox 590 2605 715 2669; x_wconf 87' lang='lat' dir='ltr'><strong>subitus</strong></span> <span class='ocrx_word' id='word_1_211' title='bbox 743 2603 898 2667; x_wconf 79' lang='lat' dir='ltr'><strong>adventus</strong></span> <span class='ocrx_word' id='word_1_212' title='bbox 921 2602 973 2666; x_wconf 83' lang='lat' dir='ltr'><strong>vel</strong></span> <span class='ocrx_word' id='word_1_213' title='bbox 994 2600 1122 2667; x_wconf 82' lang='lat' dir='ltr'><strong>brevior</strong></span> 
     </span>
     <span class='ocr_line' id='line_1_28' title="bbox 110 2692 1174 2776; baseline -0.001 -17"><span class='ocrx_word' id='word_1_214' title='bbox 110 2717 201 2760; x_wconf 89' lang='lat' dir='ltr'><strong>mora</strong></span> <span class='ocrx_word' id='word_1_215' title='bbox 224 2695 376 2759; x_wconf 87' lang='lat' dir='ltr'><strong>calfacere</strong></span> <span class='ocrx_word' id='word_1_216' title='bbox 400 2694 588 2772; x_wconf 80' lang='lat' dir='ltr'><strong>dissuadeat.</strong></span> <span class='ocrx_word' id='word_1_217' title='bbox 625 2693 717 2757; x_wconf 87' lang='lat' dir='ltr'><strong>Litus</strong></span> <span class='ocrx_word' id='word_1_218' title='bbox 741 2695 856 2757; x_wconf 89' lang='lat' dir='ltr'><strong>ornant</strong></span> <span class='ocrx_word' id='word_1_219' title='bbox 876 2692 1029 2755; x_wconf 79' lang='lat' dir='ltr'><strong>varietate</strong></span> <span class='ocrx_word' id='word_1_220' title='bbox 1052 2711 1121 2776; x_wconf 81' lang='lat' dir='ltr'><strong>gra-</strong></span> <span class='ocrx_word' id='word_1_221' title='bbox 1141 2709 1174 2758; x_wconf 78' lang='lat'><strong>27</strong></span> 
     </span>
     <span class='ocr_line' id='line_1_29' title="bbox 109 2780 1121 2866; baseline -0.005 -18"><span class='ocrx_word' id='word_1_222' title='bbox 109 2784 234 2849; x_wconf 87' lang='lat' dir='ltr'><strong>tissima</strong></span> <span class='ocrx_word' id='word_1_223' title='bbox 256 2805 343 2848; x_wconf 93' lang='lat' dir='ltr'><strong>nunc</strong></span> <span class='ocrx_word' id='word_1_224' title='bbox 366 2783 526 2866; x_wconf 91' lang='lat' dir='ltr'><strong>continua,</strong></span> <span class='ocrx_word' id='word_1_225' title='bbox 544 2804 630 2848; x_wconf 90' lang='lat' dir='ltr'><strong>nunc</strong></span> <span class='ocrx_word' id='word_1_226' title='bbox 652 2783 833 2847; x_wconf 89' lang='lat' dir='ltr'><strong>intermissa</strong></span> <span class='ocrx_word' id='word_1_227' title='bbox 855 2783 941 2844; x_wconf 89' lang='lat' dir='ltr'><strong>tecta</strong></span> <span class='ocrx_word' id='word_1_228' title='bbox 963 2780 1121 2861; x_wconf 84' lang='lat' dir='ltr'><strong>villarum,</strong></span> 
     </span>
     <span class='ocr_line' id='line_1_30' title="bbox 111 2870 1121 2958; baseline -0.004 -21"><span class='ocrx_word' id='word_1_229' title='bbox 111 2895 192 2958; x_wconf 87' lang='lat' dir='ltr'><strong>quae</strong></span> <span class='ocrx_word' id='word_1_230' title='bbox 224 2876 388 2957; x_wconf 88' lang='lat' dir='ltr'><strong>praestant</strong></span> <span class='ocrx_word' id='word_1_231' title='bbox 419 2870 593 2936; x_wconf 91' lang='lat' dir='ltr'><strong>multarum</strong></span> <span class='ocrx_word' id='word_1_232' title='bbox 625 2871 754 2937; x_wconf 90' lang='lat' dir='ltr'><strong>urbium</strong></span> <span class='ocrx_word' id='word_1_233' title='bbox 785 2871 910 2952; x_wconf 89' lang='lat' dir='ltr'><strong>faciem,</strong></span> <span class='ocrx_word' id='word_1_234' title='bbox 942 2870 1008 2934; x_wconf 83' lang='lat' dir='ltr'><strong>sive</strong></span> <span class='ocrx_word' id='word_1_235' title='bbox 1040 2870 1121 2934; x_wconf 90' lang='lat' dir='ltr'><strong>mari</strong></span> 
     </span>
    </p>

    <p class='ocr_par' dir='ltr' id='par_1_8' title="bbox 69 2959 1173 3312">
     <span class='ocr_line' id='line_1_31' title="bbox 69 2959 1120 3046; baseline -0.005 -20"><span class='ocrx_word' id='word_1_236' title='bbox 69 2985 96 3026; x_wconf 84' lang='lat' dir='ltr'><strong>eo</strong></span> <span class='ocrx_word' id='word_1_237' title='bbox 110 2963 177 3026; x_wconf 88' lang='lat' dir='ltr'><strong>sive</strong></span> <span class='ocrx_word' id='word_1_238' title='bbox 200 2963 270 3046; x_wconf 90' lang='lat' dir='ltr'><strong>ipso</strong></span> <span class='ocrx_word' id='word_1_239' title='bbox 293 2962 389 3026; x_wconf 89' lang='lat' dir='ltr'><strong>litore</strong></span> <span class='ocrx_word' id='word_1_240' title='bbox 412 2966 516 3044; x_wconf 80' lang='lat' dir='ltr'><strong>utare3</strong></span> <span class='ocrx_word' id='word_1_241' title='bbox 539 2960 626 3044; x_wconf 93' lang='lat' dir='ltr'><strong>quod</strong></span> <span class='ocrx_word' id='word_1_242' title='bbox 643 2982 709 3024; x_wconf 94' lang='lat' dir='ltr'><strong>non</strong></span> <span class='ocrx_word' id='word_1_243' title='bbox 726 2981 902 3043; x_wconf 87' lang='lat' dir='ltr'><strong>numquam</strong></span> <span class='ocrx_word' id='word_1_244' title='bbox 920 2959 1018 3043; x_wconf 84' lang='lat' dir='ltr'><strong>longa</strong></span> <span class='ocrx_word' id='word_1_245' title='bbox 1036 2962 1120 3022; x_wconf 89' lang='lat' dir='ltr'><strong>tran-</strong></span> 
     </span>
     <span class='ocr_line' id='line_1_32' title="bbox 110 3046 1120 3136; baseline -0.004 -21"><span class='ocrx_word' id='word_1_246' title='bbox 110 3052 254 3134; x_wconf 88' lang='lat' dir='ltr'><strong>quillitas</strong></span> <span class='ocrx_word' id='word_1_247' title='bbox 277 3049 393 3136; x_wconf 91' lang='lat' dir='ltr'><strong>mollit,</strong></span> <span class='ocrx_word' id='word_1_248' title='bbox 421 3050 547 3134; x_wconf 90' lang='lat' dir='ltr'><strong>saepius</strong></span> <span class='ocrx_word' id='word_1_249' title='bbox 574 3049 723 3132; x_wconf 81' lang='lat' dir='ltr'><strong>frequens</strong></span> <span class='ocrx_word' id='word_1_250' title='bbox 747 3053 779 3114; x_wconf 89' lang='lat' dir='ltr'><strong>et</strong></span> <span class='ocrx_word' id='word_1_251' title='bbox 804 3048 980 3113; x_wconf 88' lang='lat' dir='ltr'><strong>contrarius</strong></span> <span class='ocrx_word' id='word_1_252' title='bbox 1003 3046 1120 3112; x_wconf 91' lang='lat' dir='ltr'><strong>fluctus</strong></span> 
     </span>
     <span class='ocr_line' id='line_1_33' title="bbox 109 3135 1173 3222; baseline -0.004 -18"><span class='ocrx_word' id='word_1_253' title='bbox 109 3140 246 3205; x_wconf 89' lang='lat' dir='ltr'><strong>indurat</strong></span> <span class='ocrx_word' id='word_1_254' title='bbox 291 3138 380 3204; x_wconf 90' lang='lat' dir='ltr'><strong>Mare</strong></span> <span class='ocrx_word' id='word_1_255' title='bbox 411 3162 479 3205; x_wconf 92' lang='lat' dir='ltr'><strong>non</strong></span> <span class='ocrx_word' id='word_1_256' title='bbox 511 3160 586 3203; x_wconf 90' lang='lat' dir='ltr'><strong>sane</strong></span> <span class='ocrx_word' id='word_1_257' title='bbox 617 3138 765 3222; x_wconf 86' lang='lat' dir='ltr'><strong>pretiosis</strong></span> <span class='ocrx_word' id='word_1_258' title='bbox 797 3136 939 3221; x_wconf 90' lang='lat' dir='ltr'><strong>piscibus</strong></span> <span class='ocrx_word' id='word_1_259' title='bbox 971 3135 1121 3218; x_wconf 89' lang='lat' dir='ltr'><strong>abundat,</strong></span> <span class='ocrx_word' id='word_1_260' title='bbox 1140 3151 1173 3200; x_wconf 80' lang='lat'><strong>28</strong></span> 
     </span>
     <span class='ocr_line' id='line_1_34' title="bbox 110 3224 1119 3312; baseline -0.007 -18"><span class='ocrx_word' id='word_1_261' title='bbox 110 3231 213 3295; x_wconf 90' lang='lat' dir='ltr'><strong>soleas</strong></span> <span class='ocrx_word' id='word_1_262' title='bbox 236 3234 345 3295; x_wconf 89' lang='lat' dir='ltr'><strong>tamen</strong></span> <span class='ocrx_word' id='word_1_263' title='bbox 368 3233 400 3294; x_wconf 89' lang='lat' dir='ltr'><strong>et</strong></span> <span class='ocrx_word' id='word_1_264' title='bbox 424 3229 557 3312; x_wconf 91' lang='lat' dir='ltr'><strong>squillas</strong></span> <span class='ocrx_word' id='word_1_265' title='bbox 581 3227 718 3311; x_wconf 90' lang='lat' dir='ltr'><strong>optimas</strong></span> <span class='ocrx_word' id='word_1_266' title='bbox 742 3226 894 3312; x_wconf 84' lang='lat' dir='ltr'><strong>suggerit</strong></span> <span class='ocrx_word' id='word_1_267' title='bbox 934 3224 1023 3290; x_wconf 86' lang='lat' dir='ltr'><strong>Villa</strong></span> <span class='ocrx_word' id='word_1_268' title='bbox 1044 3246 1119 3288; x_wconf 79' lang='lat' dir='ltr'><strong>vero</strong></span> 
     </span>
    </p>
   </div>
   <div class='ocr_carea' id='block_1_3' title="bbox 1133 2931 1152 2975">
    <p class='ocr_par' dir='ltr' id='par_1_9' title="bbox 1133 2931 1152 2975">
     <span class='ocr_line' id='line_1_35' title="bbox 1133 2931 1152 2975; baseline 0 0"><span class='ocrx_word' id='word_1_269' title='bbox 1133 2931 1152 2975; x_wconf 68' lang='grc' dir='ltr'><strong>θ</strong></span> 
     </span>
    </p>
   </div>
   <div class='ocr_carea' id='block_1_4' title="bbox 104 3381 1137 3671">
    <p class='ocr_par' dir='ltr' id='par_1_10' title="bbox 104 3381 1137 3671">
     <span class='ocr_line' id='line_1_36' title="bbox 183 3381 1121 3452; baseline -0.006 -12"><span class='ocrx_word' id='word_1_270' title='bbox 183 3393 197 3440; x_wconf 92' lang='grc'>1</span> <span class='ocrx_word' id='word_1_271' title='bbox 222 3386 319 3441; x_wconf 87' lang='lat' dir='ltr'><strong>servol.</strong></span> <span class='ocrx_word' id='word_1_272' title='bbox 340 3388 377 3440; x_wconf 90' lang='lat' dir='ltr'><em>M</em></span> <span class='ocrx_word' id='word_1_273' title='bbox 384 3387 416 3452; x_wconf 88' lang='lat' dir='ltr'><strong>V,</strong></span> <span class='ocrx_word' id='word_1_274' title='bbox 430 3386 499 3440; x_wconf 88' lang='lat' dir='ltr'><strong><em>K.I.</em></strong></span> <span class='ocrx_word' id='word_1_275' title='bbox 609 3389 641 3437; x_wconf 85' lang='lat'><strong>13</strong></span> <span class='ocrx_word' id='word_1_276' title='bbox 667 3383 785 3452; x_wconf 79' lang='lat' dir='ltr'><strong>Aliquid</strong></span> <span class='ocrx_word' id='word_1_277' title='bbox 807 3383 955 3438; x_wconf 78' lang='lat' dir='ltr'><strong>turbatum.</strong></span> <span class='ocrx_word' id='word_1_278' title='bbox 977 3383 1008 3436; x_wconf 87' lang='lat' dir='ltr'><em>F</em></span> <span class='ocrx_word' id='word_1_279' title='bbox 1016 3381 1091 3436; x_wconf 85' lang='lat' dir='ltr'><strong>Ricc.</strong></span> <span class='ocrx_word' id='word_1_280' title='bbox 1102 3398 1121 3434; x_wconf 88' lang='lat' dir='ltr'><strong>o</strong></span> 
     </span>
     <span class='ocr_line' id='line_1_37' title="bbox 104 3453 1137 3528; baseline -0.01 -13"><span class='ocrx_word' id='word_1_281' title='bbox 104 3466 176 3528; x_wconf 76' lang='lat' dir='ltr'><strong>post</strong></span> <span class='ocrx_word' id='word_1_282' title='bbox 200 3457 305 3527; x_wconf 88' lang='lat' dir='ltr'><strong>volupt</strong></span> <span class='ocrx_word' id='word_1_283' title='bbox 329 3458 429 3513; x_wconf 79' lang='lat' dir='ltr'><strong>babent</strong></span> <span class='ocrx_word' id='word_1_284' title='bbox 451 3472 528 3522; x_wconf 83' lang='lat' dir='ltr'><strong>ecce,</strong></span> <span class='ocrx_word' id='word_1_285' title='bbox 551 3457 581 3510; x_wconf 92' lang='lat' dir='ltr'><em>D</em></span> <span class='ocrx_word' id='word_1_286' title='bbox 605 3471 639 3509; x_wconf 88' lang='lat' dir='ltr'><strong>ex</strong></span> <span class='ocrx_word' id='word_1_287' title='bbox 662 3470 695 3509; x_wconf 88' lang='lat' dir='ltr'><strong>ea</strong></span> <span class='ocrx_word' id='word_1_288' title='bbox 718 3456 762 3524; x_wconf 89' lang='lat' dir='ltr'><strong>(ea</strong></span> <span class='ocrx_word' id='word_1_289' title='bbox 784 3455 816 3508; x_wconf 79' lang='lat' dir='ltr'><strong>in</strong></span> <span class='ocrx_word' id='word_1_290' title='bbox 840 3454 925 3510; x_wconf 78' lang='lat' dir='ltr'><strong>litura</strong></span> <span class='ocrx_word' id='word_1_291' title='bbox 947 3453 1006 3508; x_wconf 83' lang='lat' dir='ltr'><strong>alio</strong></span> <span class='ocrx_word' id='word_1_292' title='bbox 1026 3453 1137 3520; x_wconf 68' lang='lat' dir='ltr'><strong>mant·</strong></span> 
     </span>
     <span class='ocr_line' id='line_1_38' title="bbox 109 3524 1119 3600; baseline -0.009 -14"><span class='ocrx_word' id='word_1_293' title='bbox 109 3531 245 3600; x_wconf 77' lang='lat' dir='ltr'><strong>Displicet</strong></span> <span class='ocrx_word' id='word_1_294' title='bbox 263 3529 330 3585; x_wconf 86' lang='lat' dir='ltr'><strong>eius.</strong></span> <span class='ocrx_word' id='word_1_295' title='bbox 345 3530 394 3584; x_wconf 79' lang='lat' dir='ltr'><strong>Aa</strong></span> <span class='ocrx_word' id='word_1_296' title='bbox 408 3527 470 3583; x_wconf 88' lang='lat' dir='ltr'><strong>eius</strong></span> <span class='ocrx_word' id='word_1_297' title='bbox 482 3543 606 3583; x_wconf 81' lang='lat' dir='ltr'><strong>secessus</strong></span> <span class='ocrx_word' id='word_1_298' title='bbox 620 3525 635 3582; x_wconf 75' lang='lat'><strong>‚2</strong></span> <span class='ocrx_word' id='word_1_299' title='bbox 714 3531 747 3580; x_wconf 77' lang='lat'><strong>26</strong></span> <span class='ocrx_word' id='word_1_300' title='bbox 761 3543 799 3594; x_wconf 82' lang='lat' dir='ltr'><strong>sq.</strong></span> <span class='ocrx_word' id='word_1_301' title='bbox 813 3524 899 3579; x_wconf 87' lang='lat' dir='ltr'><strong>balin.</strong></span> <span class='ocrx_word' id='word_1_302' title='bbox 914 3542 936 3579; x_wconf 83' lang='lat' dir='ltr'><strong>o.</strong></span> <span class='ocrx_word' id='word_1_303' title='bbox 953 3525 991 3579; x_wconf 79' lang='lat' dir='ltr'><strong>od</strong></span> <span class='ocrx_word' id='word_1_304' title='bbox 999 3541 1030 3592; x_wconf 80' lang='lat' dir='ltr'><strong>p.</strong></span> <span class='ocrx_word' id='word_1_305' title='bbox 1040 3527 1083 3578; x_wconf 83' lang='grc'><strong>49.</strong></span> <span class='ocrx_word' id='word_1_306' title='bbox 1093 3527 1119 3577; x_wconf 84' lang='grc'><strong>8.</strong></span> 
     </span>
     <span class='ocr_line' id='line_1_39' title="bbox 110 3598 618 3671; baseline -0.004 -17"><span class='ocrx_word' id='word_1_307' title='bbox 110 3605 144 3654; x_wconf 83' lang='grc'><strong>33</strong></span> <span class='ocrx_word' id='word_1_308' title='bbox 164 3600 290 3671; x_wconf 81' lang='lat' dir='ltr'><strong>suggerit</strong></span> <span class='ocrx_word' id='word_1_309' title='bbox 307 3617 357 3668; x_wconf 76' lang='lat' dir='ltr'><strong>rs,</strong></span> <span class='ocrx_word' id='word_1_310' title='bbox 376 3598 466 3670; x_wconf 81' lang='lat' dir='ltr'><strong>egerit</strong></span> <span class='ocrx_word' id='word_1_311' title='bbox 483 3599 561 3657; x_wconf 81' lang='lat' dir='ltr'><strong>codd.</strong></span> <span class='ocrx_word' id='word_1_312' title='bbox 580 3598 618 3652; x_wconf 89' lang='lat' dir='ltr'><strong>K.</strong></span> 
     </span>
    </p>
   </div>
   <div class='ocr_carea' id='block_1_5' title="bbox 949 3682 983 3737">
    <p class='ocr_par' dir='ltr' id='par_1_11' title="bbox 949 3682 983 3737">
     <span class='ocr_line' id='line_1_40' title="bbox 949 3682 983 3737; baseline 0 -27"><span class='ocrx_word' id='word_1_313' title='bbox 949 3682 983 3737; x_wconf 41' lang='lat' dir='ltr'><strong>ki</strong></span> 
     </span>
    </p>
   </div>
   <div class='ocr_carea' id='block_1_6' title="bbox 0 0 1258 3862">
    <p class='ocr_par' dir='ltr' id='par_1_12' title="bbox 0 0 1258 3862">
     <span class='ocr_line' id='line_1_41' title="bbox 0 0 1258 3862; baseline 0 1"><span class='ocrx_word' id='word_1_314' title='bbox 0 0 1258 3862; x_wconf 95' lang='lat' dir='ltr'><strong> </strong></span> 
     </span>
    </p>
   </div>
  </div>
 </body>
</html>
