<?xml version="1.0" encoding="UTF-8"?>
<!DOCTYPE html PUBLIC "-//W3C//DTD XHTML 1.0 Transitional//EN"
    "http://www.w3.org/TR/xhtml1/DTD/xhtml1-transitional.dtd">
<html xmlns="http://www.w3.org/1999/xhtml" xml:lang="en" lang="en">
 <head>
  <title>
</title>
<meta http-equiv="Content-Type" content="text/html;charset=utf-8" />
  <meta name='ocr-system' content='tesseract 3.04.00' />
  <meta name='ocr-capabilities' content='ocr_page ocr_carea ocr_par ocr_line ocrx_word'/>
</head>
<body>
  <div class='ocr_page' id='page_1' title='image "./cplinicaecilise04plingoog_0049.png"; bbox 0 0 2506 3862; ppageno 0'>
   <div class='ocr_carea' id='block_1_1' title="bbox 145 214 725 284">
    <p class='ocr_par' dir='ltr' id='par_1_1' title="bbox 145 214 725 284">
     <span class='ocr_line' id='line_1_1' title="bbox 145 214 725 284; baseline -0.002 -15"><span class='ocrx_word' id='word_1_1' title='bbox 145 218 187 284; x_wconf 79' lang='lat'>36</span> <span class='ocrx_word' id='word_1_2' title='bbox 580 214 608 270; x_wconf 90' lang='lat' dir='ltr'>c.</span> <span class='ocrx_word' id='word_1_3' title='bbox 627 215 725 269; x_wconf 82' lang='grc'><strong>111111</strong></span> 
     </span>
    </p>
   </div>
   <div class='ocr_carea' id='block_1_2' title="bbox 110 377 1205 1888">
    <p class='ocr_par' dir='ltr' id='par_1_2' title="bbox 110 377 1201 1086">
     <span class='ocr_line' id='line_1_2' title="bbox 145 377 1159 463; baseline -0.003 -18"><span class='ocrx_word' id='word_1_4' title='bbox 145 381 253 463; x_wconf 89' lang='lat' dir='ltr'>etiam,</span> <span class='ocrx_word' id='word_1_5' title='bbox 275 384 312 443; x_wconf 90' lang='lat' dir='ltr'>ut</span> <span class='ocrx_word' id='word_1_6' title='bbox 335 383 444 463; x_wconf 88' lang='lat' dir='ltr'>posset</span> <span class='ocrx_word' id='word_1_7' title='bbox 467 401 557 443; x_wconf 90' lang='lat' dir='ltr'>senes</span> <span class='ocrx_word' id='word_1_8' title='bbox 581 379 654 443; x_wconf 93' lang='lat' dir='ltr'>illos</span> <span class='ocrx_word' id='word_1_9' title='bbox 682 400 856 460; x_wconf 83' lang='lat' dir='ltr'>provocare</span> <span class='ocrx_word' id='word_1_10' title='bbox 884 378 1013 460; x_wconf 82' lang='lat' dir='ltr'>virtute,</span> <span class='ocrx_word' id='word_1_11' title='bbox 1041 377 1159 460; x_wconf 90' lang='lat' dir='ltr'>quibus</span> 
     </span>
     <span class='ocr_line' id='line_1_3' title="bbox 110 465 1160 550; baseline -0.005 -15"><span class='ocrx_word' id='word_1_12' title='bbox 110 487 231 535; x_wconf 79' lang='lat' dir='ltr'>onunc</span> <span class='ocrx_word' id='word_1_13' title='bbox 262 469 384 532; x_wconf 87' lang='lat' dir='ltr'>honore</span> <span class='ocrx_word' id='word_1_14' title='bbox 416 469 611 550; x_wconf 89' lang='lat' dir='ltr'>adaequatus</span> <span class='ocrx_word' id='word_1_15' title='bbox 649 471 706 532; x_wconf 88' lang='lat' dir='ltr'>est.</span> <span class='ocrx_word' id='word_1_16' title='bbox 761 465 832 542; x_wconf 83' lang='lat' dir='ltr'>Quo</span> <span class='ocrx_word' id='word_1_17' title='bbox 865 467 993 550; x_wconf 89' lang='lat' dir='ltr'>quidem</span> <span class='ocrx_word' id='word_1_18' title='bbox 1026 465 1160 549; x_wconf 87' lang='lat' dir='ltr'>honore,</span> 
     </span>
     <span class='ocr_line' id='line_1_4' title="bbox 146 555 1160 643; baseline -0.005 -20"><span class='ocrx_word' id='word_1_19' title='bbox 146 562 302 643; x_wconf 85' lang='lat' dir='ltr'>quantum</span> <span class='ocrx_word' id='word_1_20' title='bbox 330 579 390 643; x_wconf 88' lang='lat' dir='ltr'>ego</span> <span class='ocrx_word' id='word_1_21' title='bbox 417 558 624 641; x_wconf 89' lang='lat' dir='ltr'>interpretor,</span> <span class='ocrx_word' id='word_1_22' title='bbox 651 578 717 620; x_wconf 90' lang='lat' dir='ltr'>non</span> <span class='ocrx_word' id='word_1_23' title='bbox 745 555 839 620; x_wconf 91' lang='lat' dir='ltr'>modo</span> <span class='ocrx_word' id='word_1_24' title='bbox 869 555 1012 620; x_wconf 75' lang='lat' dir='ltr'>defuncti</span> <span class='ocrx_word' id='word_1_25' title='bbox 1040 577 1160 619; x_wconf 91' lang='lat' dir='ltr'>memo·</span> 
     </span>
     <span class='ocr_line' id='line_1_5' title="bbox 145 645 1161 732; baseline -0.005 -20"><span class='ocrx_word' id='word_1_26' title='bbox 145 649 224 732; x_wconf 89' lang='lat' dir='ltr'>riae,</span> <span class='ocrx_word' id='word_1_27' title='bbox 248 646 351 711; x_wconf 91' lang='lat' dir='ltr'>dolori</span> <span class='ocrx_word' id='word_1_28' title='bbox 380 647 496 729; x_wconf 83' lang='lat' dir='ltr'>patria,</span> <span class='ocrx_word' id='word_1_29' title='bbox 519 667 629 709; x_wconf 78' lang='lat' dir='ltr'>verum</span> <span class='ocrx_word' id='word_1_30' title='bbox 657 645 753 710; x_wconf 90' lang='lat' dir='ltr'>etiam</span> <span class='ocrx_word' id='word_1_31' title='bbox 782 646 929 728; x_wconf 84' lang='lat' dir='ltr'>exemplo</span> <span class='ocrx_word' id='word_1_32' title='bbox 953 649 1161 728; x_wconf 87' lang='lat' dir='ltr'>prospectum</span> 
     </span>
     <span class='ocr_line' id='line_1_6' title="bbox 147 733 1201 801; baseline -0.003 0"><span class='ocrx_word' id='word_1_33' title='bbox 147 741 203 801; x_wconf 91' lang='lat' dir='ltr'>est.</span> <span class='ocrx_word' id='word_1_34' title='bbox 240 734 367 800; x_wconf 87' lang='lat' dir='ltr'>Acuent</span> <span class='ocrx_word' id='word_1_35' title='bbox 390 734 430 798; x_wconf 89' lang='lat' dir='ltr'>ad</span> <span class='ocrx_word' id='word_1_36' title='bbox 452 735 552 798; x_wconf 88' lang='lat' dir='ltr'>bonas</span> <span class='ocrx_word' id='word_1_37' title='bbox 576 738 659 799; x_wconf 86' lang='lat' dir='ltr'>artes</span> <span class='ocrx_word' id='word_1_38' title='bbox 682 735 881 799; x_wconf 83' lang='lat' dir='ltr'>iuventutem</span> <span class='ocrx_word' id='word_1_39' title='bbox 900 733 1161 799; x_wconf 78' lang='lat' dir='ltr'>adulescentibus</span> <span class='ocrx_word' id='word_1_40' title='bbox 1189 758 1201 798; x_wconf 82' lang='grc'>1</span> 
     </span>
     <span class='ocr_line' id='line_1_7' title="bbox 147 822 1162 910; baseline -0.004 -20"><span class='ocrx_word' id='word_1_41' title='bbox 147 847 285 910; x_wconf 90' lang='lat' dir='ltr'>quoque,</span> <span class='ocrx_word' id='word_1_42' title='bbox 308 828 345 888; x_wconf 92' lang='lat' dir='ltr'>ut</span> <span class='ocrx_word' id='word_1_43' title='bbox 368 822 459 909; x_wconf 88' lang='lat' dir='ltr'>digni</span> <span class='ocrx_word' id='word_1_44' title='bbox 482 823 547 888; x_wconf 92' lang='lat' dir='ltr'>sint</span> <span class='ocrx_word' id='word_1_45' title='bbox 569 824 675 905; x_wconf 90' lang='lat' dir='ltr'>modo,</span> <span class='ocrx_word' id='word_1_46' title='bbox 697 827 788 888; x_wconf 85' lang='lat' dir='ltr'>tanta</span> <span class='ocrx_word' id='word_1_47' title='bbox 810 823 953 906; x_wconf 85' lang='lat' dir='ltr'>praemia</span> <span class='ocrx_word' id='word_1_48' title='bbox 975 823 1162 905; x_wconf 90' lang='lat' dir='ltr'>constituta,</span> 
     </span>
     <span class='ocr_line' id='line_1_8' title="bbox 147 911 1162 997; baseline -0.005 -17"><span class='ocrx_word' id='word_1_49' title='bbox 147 918 263 980; x_wconf 89' lang='lat' dir='ltr'>acuent</span> <span class='ocrx_word' id='word_1_50' title='bbox 286 912 446 997; x_wconf 82' lang='lat' dir='ltr'>principes</span> <span class='ocrx_word' id='word_1_51' title='bbox 470 913 555 977; x_wconf 85' lang='lat' dir='ltr'>viros</span> <span class='ocrx_word' id='word_1_52' title='bbox 580 911 622 976; x_wconf 87' lang='lat' dir='ltr'>ad</span> <span class='ocrx_word' id='word_1_53' title='bbox 643 912 761 976; x_wconf 86' lang='lat' dir='ltr'>liberos</span> <span class='ocrx_word' id='word_1_54' title='bbox 787 912 1005 995; x_wconf 85' lang='lat' dir='ltr'>suscipiendos</span> <span class='ocrx_word' id='word_1_55' title='bbox 1029 915 1062 976; x_wconf 91' lang='lat' dir='ltr'>et</span> <span class='ocrx_word' id='word_1_56' title='bbox 1084 933 1162 996; x_wconf 88' lang='lat' dir='ltr'>gau-</span> 
     </span>
     <span class='ocr_line' id='line_1_9' title="bbox 146 1000 1162 1086; baseline -0.004 -19"><span class='ocrx_word' id='word_1_57' title='bbox 146 1004 199 1067; x_wconf 85' lang='lat' dir='ltr'>dia</span> <span class='ocrx_word' id='word_1_58' title='bbox 222 1024 262 1066; x_wconf 86' lang='lat' dir='ltr'>ex</span> <span class='ocrx_word' id='word_1_59' title='bbox 285 1001 510 1086; x_wconf 72' lang='lat' dir='ltr'>superstitibus</span> <span class='ocrx_word' id='word_1_60' title='bbox 530 1005 561 1065; x_wconf 93' lang='lat' dir='ltr'>et</span> <span class='ocrx_word' id='word_1_61' title='bbox 584 1024 624 1065; x_wconf 82' lang='lat' dir='ltr'>ex</span> <span class='ocrx_word' id='word_1_62' title='bbox 642 1001 767 1065; x_wconf 86' lang='lat' dir='ltr'>amissis</span> <span class='ocrx_word' id='word_1_63' title='bbox 786 1005 853 1065; x_wconf 88' lang='lat' dir='ltr'>tam</span> <span class='ocrx_word' id='word_1_64' title='bbox 872 1001 1014 1086; x_wconf 87' lang='lat' dir='ltr'>gloriosa</span> <span class='ocrx_word' id='word_1_65' title='bbox 1033 1000 1162 1066; x_wconf 85' lang='lat' dir='ltr'>solacia.</span> 
     </span>
    </p>

    <p class='ocr_par' dir='ltr' id='par_1_3' title="bbox 112 1088 1203 1529">
     <span class='ocr_line' id='line_1_10' title="bbox 112 1088 1164 1174; baseline -0.006 -14"><span class='ocrx_word' id='word_1_66' title='bbox 112 1111 127 1160; x_wconf 85' lang='lat'><strong>6</strong></span> <span class='ocrx_word' id='word_1_67' title='bbox 146 1090 207 1156; x_wconf 90' lang='lat' dir='ltr'>His</span> <span class='ocrx_word' id='word_1_68' title='bbox 231 1113 271 1155; x_wconf 86' lang='lat' dir='ltr'>ex</span> <span class='ocrx_word' id='word_1_69' title='bbox 294 1091 397 1157; x_wconf 87' lang='lat' dir='ltr'>causis</span> <span class='ocrx_word' id='word_1_70' title='bbox 421 1094 527 1155; x_wconf 87' lang='lat' dir='ltr'>statua</span> <span class='ocrx_word' id='word_1_71' title='bbox 546 1088 635 1155; x_wconf 80' lang='lat' dir='ltr'>Cotti</span> <span class='ocrx_word' id='word_1_72' title='bbox 657 1090 785 1174; x_wconf 86' lang='lat' dir='ltr'>publice</span> <span class='ocrx_word' id='word_1_73' title='bbox 803 1091 907 1154; x_wconf 85' lang='lat' dir='ltr'>laetor</span> <span class='ocrx_word' id='word_1_74' title='bbox 928 1111 987 1154; x_wconf 89' lang='lat' dir='ltr'>nec</span> <span class='ocrx_word' id='word_1_75' title='bbox 1010 1089 1164 1173; x_wconf 83' lang='lat' dir='ltr'>privatim</span> 
     </span>
     <span class='ocr_line' id='line_1_11' title="bbox 147 1178 1203 1245; baseline -0.003 0"><span class='ocrx_word' id='word_1_76' title='bbox 147 1181 262 1245; x_wconf 86' lang='lat' dir='ltr'>minus.</span> <span class='ocrx_word' id='word_1_77' title='bbox 308 1178 425 1243; x_wconf 82' lang='lat' dir='ltr'>Amavi</span> <span class='ocrx_word' id='word_1_78' title='bbox 453 1179 802 1244; x_wconf 88' lang='lat' dir='ltr'>consummatissimum</span> <span class='ocrx_word' id='word_1_79' title='bbox 834 1179 982 1243; x_wconf 83' lang='lat' dir='ltr'>iuvenem</span> <span class='ocrx_word' id='word_1_80' title='bbox 1014 1183 1081 1242; x_wconf 91' lang='lat' dir='ltr'>tam</span> <span class='ocrx_word' id='word_1_81' title='bbox 1115 1201 1164 1242; x_wconf 90' lang='lat' dir='ltr'>ar·</span> <span class='ocrx_word' id='word_1_82' title='bbox 1179 1204 1203 1243; x_wconf 85' lang='grc'>11</span> 
     </span>
     <span class='ocr_line' id='line_1_12' title="bbox 147 1267 1163 1354; baseline -0.003 -20"><span class='ocrx_word' id='word_1_83' title='bbox 147 1271 267 1354; x_wconf 89' lang='lat' dir='ltr'>denter,</span> <span class='ocrx_word' id='word_1_84' title='bbox 291 1290 388 1353; x_wconf 88' lang='lat' dir='ltr'>quam</span> <span class='ocrx_word' id='word_1_85' title='bbox 410 1290 496 1334; x_wconf 88' lang='lat' dir='ltr'>nuno</span> <span class='ocrx_word' id='word_1_86' title='bbox 514 1269 708 1352; x_wconf 82' lang='lat' dir='ltr'>inpatienter</span> <span class='ocrx_word' id='word_1_87' title='bbox 725 1267 862 1351; x_wconf 85' lang='lat' dir='ltr'>requiro</span> <span class='ocrx_word' id='word_1_88' title='bbox 899 1267 973 1332; x_wconf 82' lang='lat' dir='ltr'>Erit</span> <span class='ocrx_word' id='word_1_89' title='bbox 995 1289 1072 1353; x_wconf 92' lang='lat' dir='ltr'>ergo</span> <span class='ocrx_word' id='word_1_90' title='bbox 1092 1289 1163 1351; x_wconf 87' lang='lat' dir='ltr'>per-</span> 
     </span>
     <span class='ocr_line' id='line_1_13' title="bbox 147 1355 1165 1444; baseline -0.002 -23"><span class='ocrx_word' id='word_1_91' title='bbox 147 1361 275 1444; x_wconf 88' lang='lat' dir='ltr'>gratum</span> <span class='ocrx_word' id='word_1_92' title='bbox 298 1356 380 1420; x_wconf 92' lang='lat' dir='ltr'>mihi</span> <span class='ocrx_word' id='word_1_93' title='bbox 402 1357 485 1422; x_wconf 85' lang='lat' dir='ltr'>hanc</span> <span class='ocrx_word' id='word_1_94' title='bbox 509 1357 649 1442; x_wconf 87' lang='lat' dir='ltr'>effigiem</span> <span class='ocrx_word' id='word_1_95' title='bbox 677 1357 744 1421; x_wconf 91' lang='lat' dir='ltr'>eius</span> <span class='ocrx_word' id='word_1_96' title='bbox 769 1355 903 1421; x_wconf 88' lang='lat' dir='ltr'>subinde</span> <span class='ocrx_word' id='word_1_97' title='bbox 931 1355 1059 1439; x_wconf 89' lang='lat' dir='ltr'>intueri,</span> <span class='ocrx_word' id='word_1_98' title='bbox 1090 1355 1165 1420; x_wconf 89' lang='lat' dir='ltr'>sub·</span> 
     </span>
     <span class='ocr_line' id='line_1_14' title="bbox 149 1445 1164 1529; baseline -0.002 -19"><span class='ocrx_word' id='word_1_99' title='bbox 149 1445 223 1510; x_wconf 90' lang='lat' dir='ltr'>inde</span> <span class='ocrx_word' id='word_1_100' title='bbox 251 1445 422 1529; x_wconf 87' lang='lat' dir='ltr'>respicere,</span> <span class='ocrx_word' id='word_1_101' title='bbox 446 1445 505 1510; x_wconf 88' lang='lat' dir='ltr'>sub</span> <span class='ocrx_word' id='word_1_102' title='bbox 532 1447 594 1510; x_wconf 87' lang='lat' dir='ltr'>bae</span> <span class='ocrx_word' id='word_1_103' title='bbox 616 1447 799 1528; x_wconf 85' lang='lat' dir='ltr'>consistere,</span> <span class='ocrx_word' id='word_1_104' title='bbox 821 1449 947 1529; x_wconf 86' lang='lat' dir='ltr'>praeter</span> <span class='ocrx_word' id='word_1_105' title='bbox 970 1445 1053 1510; x_wconf 84' lang='lat' dir='ltr'>hanc</span> <span class='ocrx_word' id='word_1_106' title='bbox 1078 1467 1164 1509; x_wconf 91' lang='lat' dir='ltr'>com-</span> 
     </span>
    </p>

    <p class='ocr_par' dir='ltr' id='par_1_4' title="bbox 114 1534 1205 1888">
     <span class='ocr_line' id='line_1_15' title="bbox 114 1534 1164 1620; baseline -0.003 -19"><span class='ocrx_word' id='word_1_107' title='bbox 114 1554 128 1602; x_wconf 79' lang='grc'>1</span> <span class='ocrx_word' id='word_1_108' title='bbox 148 1557 262 1600; x_wconf 87' lang='lat' dir='ltr'>meare.</span> <span class='ocrx_word' id='word_1_109' title='bbox 298 1534 439 1617; x_wconf 80' lang='lat' dir='ltr'>Etenim,</span> <span class='ocrx_word' id='word_1_110' title='bbox 463 1535 491 1598; x_wconf 89' lang='lat' dir='ltr'>si</span> <span class='ocrx_word' id='word_1_111' title='bbox 511 1535 735 1600; x_wconf 85' lang='lat' dir='ltr'>defunctorum</span> <span class='ocrx_word' id='word_1_112' title='bbox 753 1535 910 1620; x_wconf 82' lang='lat' dir='ltr'>imagines</span> <span class='ocrx_word' id='word_1_113' title='bbox 930 1534 1018 1599; x_wconf 91' lang='lat' dir='ltr'>domi</span> <span class='ocrx_word' id='word_1_114' title='bbox 1037 1535 1164 1617; x_wconf 89' lang='lat' dir='ltr'>positae</span> 
     </span>
     <span class='ocr_line' id='line_1_16' title="bbox 149 1622 1205 1710; baseline -0.001 -21"><span class='ocrx_word' id='word_1_115' title='bbox 149 1625 292 1689; x_wconf 90' lang='lat' dir='ltr'>dolorem</span> <span class='ocrx_word' id='word_1_116' title='bbox 315 1628 461 1688; x_wconf 90' lang='lat' dir='ltr'>nostrum</span> <span class='ocrx_word' id='word_1_117' title='bbox 483 1623 599 1707; x_wconf 79' lang='lat' dir='ltr'>levant,</span> <span class='ocrx_word' id='word_1_118' title='bbox 624 1627 743 1708; x_wconf 89' lang='lat' dir='ltr'>quanto</span> <span class='ocrx_word' id='word_1_119' title='bbox 767 1624 870 1710; x_wconf 88' lang='lat' dir='ltr'>magis</span> <span class='ocrx_word' id='word_1_120' title='bbox 895 1624 964 1706; x_wconf 86' lang='lat' dir='ltr'>hae,</span> <span class='ocrx_word' id='word_1_121' title='bbox 987 1623 1105 1707; x_wconf 91' lang='lat' dir='ltr'>quibus</span> <span class='ocrx_word' id='word_1_122' title='bbox 1128 1622 1205 1688; x_wconf 82' lang='grc'><strong>11111</strong></span> 
     </span>
     <span class='ocr_line' id='line_1_17' title="bbox 149 1711 1163 1796; baseline -0.004 -17"><span class='ocrx_word' id='word_1_123' title='bbox 149 1714 355 1779; x_wconf 85' lang='lat' dir='ltr'>celeberrimo</span> <span class='ocrx_word' id='word_1_124' title='bbox 378 1713 451 1778; x_wconf 95' lang='lat' dir='ltr'>loco</span> <span class='ocrx_word' id='word_1_125' title='bbox 474 1734 541 1777; x_wconf 92' lang='lat' dir='ltr'>non</span> <span class='ocrx_word' id='word_1_126' title='bbox 563 1713 659 1777; x_wconf 93' lang='lat' dir='ltr'>modo</span> <span class='ocrx_word' id='word_1_127' title='bbox 684 1712 805 1796; x_wconf 88' lang='lat' dir='ltr'>species</span> <span class='ocrx_word' id='word_1_128' title='bbox 828 1717 861 1777; x_wconf 93' lang='lat' dir='ltr'>et</span> <span class='ocrx_word' id='word_1_129' title='bbox 889 1712 998 1776; x_wconf 82' lang='lat' dir='ltr'>vultus</span> <span class='ocrx_word' id='word_1_130' title='bbox 1021 1711 1163 1796; x_wconf 79' lang='lat' dir='ltr'>illorum,</span> 
     </span>
     <span class='ocr_line' id='line_1_18' title="bbox 148 1800 942 1888; baseline -0.003 -21"><span class='ocrx_word' id='word_1_131' title='bbox 148 1803 204 1867; x_wconf 90' lang='lat' dir='ltr'>sed</span> <span class='ocrx_word' id='word_1_132' title='bbox 226 1802 331 1867; x_wconf 91' lang='lat' dir='ltr'>honor</span> <span class='ocrx_word' id='word_1_133' title='bbox 353 1803 451 1867; x_wconf 85' lang='lat' dir='ltr'>etiam</span> <span class='ocrx_word' id='word_1_134' title='bbox 475 1805 506 1865; x_wconf 91' lang='lat' dir='ltr'>et</span> <span class='ocrx_word' id='word_1_135' title='bbox 529 1802 633 1888; x_wconf 85' lang='lat' dir='ltr'>gloria</span> <span class='ocrx_word' id='word_1_136' title='bbox 655 1802 813 1866; x_wconf 77' lang='lat' dir='ltr'>refertur?</span> <span class='ocrx_word' id='word_1_137' title='bbox 852 1800 942 1866; x_wconf 88' lang='lat' dir='ltr'>Vale.</span> 
     </span>
    </p>
   </div>
   <div class='ocr_carea' id='block_1_3' title="bbox 19 1967 962 2140">
    <p class='ocr_par' dir='ltr' id='par_1_5' title="bbox 19 1967 962 2140">
     <span class='ocr_line' id='line_1_19' title="bbox 19 1967 698 2046; baseline 0 -23"><span class='ocrx_word' id='word_1_138' title='bbox 19 1984 72 2046; x_wconf 34' lang='lat' dir='ltr'>N</span> <span class='ocrx_word' id='word_1_139' title='bbox 616 1967 698 2024; x_wconf 90' lang='lat' dir='ltr'><strong>VIII.</strong></span> 
     </span>
     <span class='ocr_line' id='line_1_20' title="bbox 19 2041 962 2140; baseline 0.003 -29"><span class='ocrx_word' id='word_1_140' title='bbox 19 2041 79 2140; x_wconf 51' lang='grc' dir='ltr'>χ</span> <span class='ocrx_word' id='word_1_141' title='bbox 410 2065 437 2112; x_wconf 90' lang='lat' dir='ltr'>c.</span> <span class='ocrx_word' id='word_1_142' title='bbox 461 2065 599 2113; x_wconf 79' lang='grc'><strong>11111111</strong></span> <span class='ocrx_word' id='word_1_143' title='bbox 624 2067 766 2114; x_wconf 80' lang='grc'><strong>11111111</strong></span> <span class='ocrx_word' id='word_1_144' title='bbox 791 2067 856 2114; x_wconf 87' lang='lat' dir='ltr'>suo</span> <span class='ocrx_word' id='word_1_145' title='bbox 881 2067 907 2114; x_wconf 89' lang='lat' dir='ltr'>s.</span> <span class='ocrx_word' id='word_1_146' title='bbox 959 2091 962 2096; x_wconf 90' lang='lat'>-</span> 
     </span>
    </p>
   </div>
   <div class='ocr_carea' id='block_1_4' title="bbox 114 2154 1209 3511">
    <p class='ocr_par' dir='ltr' id='par_1_6' title="bbox 114 2154 1204 2420">
     <span class='ocr_line' id='line_1_21' title="bbox 114 2154 1204 2238; baseline 0.002 -18"><span class='ocrx_word' id='word_1_147' title='bbox 114 2173 128 2220; x_wconf 77' lang='grc'>1</span> <span class='ocrx_word' id='word_1_148' title='bbox 217 2154 333 2220; x_wconf 79' lang='lat' dir='ltr'>Studes</span> <span class='ocrx_word' id='word_1_149' title='bbox 365 2176 407 2218; x_wconf 86' lang='lat' dir='ltr'>an</span> <span class='ocrx_word' id='word_1_150' title='bbox 437 2155 572 2238; x_wconf 86' lang='lat' dir='ltr'>piscaris</span> <span class='ocrx_word' id='word_1_151' title='bbox 604 2177 645 2218; x_wconf 88' lang='grc'>111</span> <span class='ocrx_word' id='word_1_152' title='bbox 676 2156 802 2220; x_wconf 83' lang='lat' dir='ltr'>venaris</span> <span class='ocrx_word' id='word_1_153' title='bbox 830 2179 872 2220; x_wconf 86' lang='lat' dir='ltr'>an</span> <span class='ocrx_word' id='word_1_154' title='bbox 902 2155 998 2219; x_wconf 91' lang='lat' dir='ltr'>simul</span> <span class='ocrx_word' id='word_1_155' title='bbox 1031 2156 1163 2221; x_wconf 79' lang='lat' dir='ltr'>omnia?</span> <span class='ocrx_word' id='word_1_156' title='bbox 1178 2183 1204 2222; x_wconf 82' lang='grc' dir='ltr'>1ο</span> 
     </span>
     <span class='ocr_line' id='line_1_22' title="bbox 148 2243 1160 2310; baseline -0.001 -1"><span class='ocrx_word' id='word_1_157' title='bbox 148 2245 289 2310; x_wconf 92' lang='lat' dir='ltr'>Possunt</span> <span class='ocrx_word' id='word_1_158' title='bbox 317 2243 403 2307; x_wconf 91' lang='lat' dir='ltr'>enim</span> <span class='ocrx_word' id='word_1_159' title='bbox 431 2244 537 2307; x_wconf 88' lang='lat' dir='ltr'>omnia</span> <span class='ocrx_word' id='word_1_160' title='bbox 565 2243 661 2308; x_wconf 87' lang='lat' dir='ltr'>simul</span> <span class='ocrx_word' id='word_1_161' title='bbox 688 2244 758 2308; x_wconf 91' lang='lat' dir='ltr'>fieri</span> <span class='ocrx_word' id='word_1_162' title='bbox 786 2245 826 2308; x_wconf 92' lang='lat' dir='ltr'>ad</span> <span class='ocrx_word' id='word_1_163' title='bbox 849 2245 980 2309; x_wconf 90' lang='lat' dir='ltr'>Larium</span> <span class='ocrx_word' id='word_1_164' title='bbox 1003 2249 1160 2310; x_wconf 89' lang='lat' dir='ltr'>nostrum.</span> 
     </span>
     <span class='ocr_line' id='line_1_23' title="bbox 149 2332 1162 2420; baseline -0.002 -20"><span class='ocrx_word' id='word_1_165' title='bbox 149 2333 234 2400; x_wconf 88' lang='lat' dir='ltr'>Nam</span> <span class='ocrx_word' id='word_1_166' title='bbox 256 2332 345 2396; x_wconf 87' lang='lat' dir='ltr'>lacus</span> <span class='ocrx_word' id='word_1_167' title='bbox 368 2333 499 2415; x_wconf 86' lang='lat' dir='ltr'>piscem,</span> <span class='ocrx_word' id='word_1_168' title='bbox 521 2333 604 2397; x_wconf 86' lang='lat' dir='ltr'>feras</span> <span class='ocrx_word' id='word_1_169' title='bbox 628 2333 735 2415; x_wconf 84' lang='lat' dir='ltr'>silvae,</span> <span class='ocrx_word' id='word_1_170' title='bbox 759 2333 875 2415; x_wconf 86' lang='lat' dir='ltr'>quibus</span> <span class='ocrx_word' id='word_1_171' title='bbox 898 2336 986 2398; x_wconf 85' lang='lat' dir='ltr'>lacus</span> <span class='ocrx_word' id='word_1_172' title='bbox 1011 2334 1162 2420; x_wconf 84' lang='lat' dir='ltr'>cingitur,</span> 
     </span>
    </p>

    <p class='ocr_par' dir='ltr' id='par_1_7' title="bbox 115 2419 1204 2863">
     <span class='ocr_line' id='line_1_24' title="bbox 115 2419 1163 2508; baseline -0.002 -20"><span class='ocrx_word' id='word_1_173' title='bbox 115 2441 130 2487; x_wconf 82' lang='lat'><strong>2</strong></span> <span class='ocrx_word' id='word_1_174' title='bbox 150 2420 256 2488; x_wconf 89' lang='lat' dir='ltr'>studia</span> <span class='ocrx_word' id='word_1_175' title='bbox 274 2419 449 2485; x_wconf 87' lang='lat' dir='ltr'>altissimus</span> <span class='ocrx_word' id='word_1_176' title='bbox 467 2423 528 2486; x_wconf 93' lang='lat' dir='ltr'>iste</span> <span class='ocrx_word' id='word_1_177' title='bbox 547 2443 690 2486; x_wconf 88' lang='lat' dir='ltr'>secessus</span> <span class='ocrx_word' id='word_1_178' title='bbox 709 2421 843 2486; x_wconf 84' lang='lat' dir='ltr'>adfatim</span> <span class='ocrx_word' id='word_1_179' title='bbox 867 2427 1052 2508; x_wconf 88' lang='lat' dir='ltr'>suggerunt.</span> <span class='ocrx_word' id='word_1_180' title='bbox 1089 2421 1163 2507; x_wconf 85' lang='lat' dir='ltr'>Sed,</span> 
     </span>
     <span class='ocr_line' id='line_1_25' title="bbox 151 2509 1161 2596; baseline 0.002 -21"><span class='ocrx_word' id='word_1_181' title='bbox 151 2514 217 2575; x_wconf 81' lang='grc'><strong>1111</strong></span> <span class='ocrx_word' id='word_1_182' title='bbox 241 2510 348 2574; x_wconf 88' lang='lat' dir='ltr'>omnia</span> <span class='ocrx_word' id='word_1_183' title='bbox 367 2509 464 2572; x_wconf 90' lang='lat' dir='ltr'>simul</span> <span class='ocrx_word' id='word_1_184' title='bbox 482 2511 549 2574; x_wconf 84' lang='lat' dir='ltr'>sive</span> <span class='ocrx_word' id='word_1_185' title='bbox 567 2511 691 2596; x_wconf 89' lang='lat' dir='ltr'>aliquid</span> <span class='ocrx_word' id='word_1_186' title='bbox 707 2511 797 2594; x_wconf 86' lang='lat' dir='ltr'>facis,</span> <span class='ocrx_word' id='word_1_187' title='bbox 815 2534 881 2576; x_wconf 92' lang='lat' dir='ltr'>non</span> <span class='ocrx_word' id='word_1_188' title='bbox 898 2532 1030 2595; x_wconf 87' lang='lat' dir='ltr'>possum</span> <span class='ocrx_word' id='word_1_189' title='bbox 1053 2511 1161 2577; x_wconf 91' lang='lat' dir='ltr'>dicere</span> 
     </span>
     <span class='ocr_line' id='line_1_26' title="bbox 152 2597 1204 2685; baseline 0.002 -21"><span class='ocrx_word' id='word_1_190' title='bbox 152 2597 317 2681; x_wconf 77' lang='lat' dir='ltr'>‘invideo&#39;3</span> <span class='ocrx_word' id='word_1_191' title='bbox 347 2619 447 2682; x_wconf 83' lang='lat' dir='ltr'>angor</span> <span class='ocrx_word' id='word_1_192' title='bbox 469 2601 577 2668; x_wconf 86' lang='lat' dir='ltr'>tamen</span> <span class='ocrx_word' id='word_1_193' title='bbox 605 2623 671 2664; x_wconf 92' lang='lat' dir='ltr'>non</span> <span class='ocrx_word' id='word_1_194' title='bbox 701 2605 733 2665; x_wconf 93' lang='lat' dir='ltr'>et</span> <span class='ocrx_word' id='word_1_195' title='bbox 762 2601 843 2665; x_wconf 90' lang='lat' dir='ltr'>mihi</span> <span class='ocrx_word' id='word_1_196' title='bbox 869 2601 975 2684; x_wconf 89' lang='lat' dir='ltr'>licere,</span> <span class='ocrx_word' id='word_1_197' title='bbox 989 2622 1084 2685; x_wconf 82' lang='lat' dir='ltr'>·quae</span> <span class='ocrx_word' id='word_1_198' title='bbox 1116 2601 1163 2665; x_wconf 89' lang='lat' dir='ltr'>sic</span> <span class='ocrx_word' id='word_1_199' title='bbox 1178 2625 1204 2666; x_wconf 80' lang='grc'>11</span> 
     </span>
     <span class='ocr_line' id='line_1_27' title="bbox 153 2686 1162 2774; baseline 0 -21"><span class='ocrx_word' id='word_1_200' title='bbox 153 2687 343 2770; x_wconf 86' lang='lat' dir='ltr'>concupisco</span> <span class='ocrx_word' id='word_1_201' title='bbox 375 2689 412 2750; x_wconf 89' lang='lat' dir='ltr'>ut</span> <span class='ocrx_word' id='word_1_202' title='bbox 444 2686 531 2772; x_wconf 84' lang='lat' dir='ltr'>aegri</span> <span class='ocrx_word' id='word_1_203' title='bbox 563 2689 689 2772; x_wconf 81' lang='lat' dir='ltr'>vinum,</span> <span class='ocrx_word' id='word_1_204' title='bbox 721 2690 863 2774; x_wconf 88' lang='lat' dir='ltr'>balinea,</span> <span class='ocrx_word' id='word_1_205' title='bbox 894 2690 1009 2754; x_wconf 90' lang='lat' dir='ltr'>fontes.</span> <span class='ocrx_word' id='word_1_206' title='bbox 1059 2688 1162 2753; x_wconf 89' lang='lat' dir='ltr'>Num·</span> 
     </span>
     <span class='ocr_line' id='line_1_28' title="bbox 153 2775 1163 2863; baseline 0.004 -24"><span class='ocrx_word' id='word_1_207' title='bbox 153 2797 290 2859; x_wconf 89' lang='lat' dir='ltr'>quamne</span> <span class='ocrx_word' id='word_1_208' title='bbox 321 2775 381 2838; x_wconf 88' lang='lat' dir='ltr'>hos</span> <span class='ocrx_word' id='word_1_209' title='bbox 413 2775 591 2839; x_wconf 83' lang='lat' dir='ltr'>artissimos</span> <span class='ocrx_word' id='word_1_210' title='bbox 621 2777 767 2861; x_wconf 88' lang='lat' dir='ltr'>laqueos,</span> <span class='ocrx_word' id='word_1_211' title='bbox 800 2781 828 2842; x_wconf 92' lang='lat' dir='ltr'>si</span> <span class='ocrx_word' id='word_1_212' title='bbox 860 2777 983 2843; x_wconf 83' lang='lat' dir='ltr'>solvere</span> <span class='ocrx_word' id='word_1_213' title='bbox 1016 2781 1163 2863; x_wconf 85' lang='lat' dir='ltr'>negatur,</span> 
     </span>
    </p>

    <p class='ocr_par' dir='ltr' id='par_1_8' title="bbox 119 2862 1209 3216">
     <span class='ocr_line' id='line_1_29' title="bbox 119 2862 1163 2953; baseline 0.002 -23"><span class='ocrx_word' id='word_1_214' title='bbox 119 2882 134 2930; x_wconf 83' lang='lat'><strong>3</strong></span> <span class='ocrx_word' id='word_1_215' title='bbox 154 2862 363 2947; x_wconf 84' lang='lat' dir='ltr'>abrumpam?</span> <span class='ocrx_word' id='word_1_216' title='bbox 386 2862 581 2948; x_wconf 86' lang='lat' dir='ltr'>Numquam,</span> <span class='ocrx_word' id='word_1_217' title='bbox 604 2869 693 2947; x_wconf 89' lang='lat' dir='ltr'>puto.</span> <span class='ocrx_word' id='word_1_218' title='bbox 729 2866 813 2933; x_wconf 84' lang='lat' dir='ltr'>Nam</span> <span class='ocrx_word' id='word_1_219' title='bbox 837 2867 998 2932; x_wconf 79' lang='lat' dir='ltr'>veteribus</span> <span class='ocrx_word' id='word_1_220' title='bbox 1021 2867 1163 2953; x_wconf 88' lang='lat' dir='ltr'>negotiis</span> 
     </span>
     <span class='ocr_line' id='line_1_30' title="bbox 155 2952 1163 3042; baseline 0.002 -24"><span class='ocrx_word' id='word_1_221' title='bbox 155 2973 238 3018; x_wconf 83' lang='lat' dir='ltr'>nova</span> <span class='ocrx_word' id='word_1_222' title='bbox 270 2952 469 3037; x_wconf 88' lang='lat' dir='ltr'>adcrescunt,</span> <span class='ocrx_word' id='word_1_223' title='bbox 500 2974 559 3017; x_wconf 90' lang='lat' dir='ltr'>nec</span> <span class='ocrx_word' id='word_1_224' title='bbox 591 2955 699 3017; x_wconf 82' lang='lat' dir='ltr'>tamen</span> <span class='ocrx_word' id='word_1_225' title='bbox 730 2955 837 3038; x_wconf 86' lang='lat' dir='ltr'>priora</span> <span class='ocrx_word' id='word_1_226' title='bbox 868 2960 1078 3042; x_wconf 72' lang='lat' dir='ltr'>peraguntur,</span> <span class='ocrx_word' id='word_1_227' title='bbox 1111 2960 1163 3021; x_wconf 94' lang='lat' dir='ltr'>tot</span> 
     </span>
     <span class='ocr_line' id='line_1_31' title="bbox 155 3040 1209 3129; baseline 0.006 -23"><span class='ocrx_word' id='word_1_228' title='bbox 155 3040 300 3122; x_wconf 85' lang='lat' dir='ltr'>nexibus,</span> <span class='ocrx_word' id='word_1_229' title='bbox 317 3044 367 3104; x_wconf 92' lang='lat' dir='ltr'>tot</span> <span class='ocrx_word' id='word_1_230' title='bbox 385 3042 476 3122; x_wconf 89' lang='lat' dir='ltr'>quasi</span> <span class='ocrx_word' id='word_1_231' title='bbox 500 3041 620 3107; x_wconf 86' lang='lat' dir='ltr'>catenis</span> <span class='ocrx_word' id='word_1_232' title='bbox 640 3042 742 3106; x_wconf 90' lang='lat' dir='ltr'>maius</span> <span class='ocrx_word' id='word_1_233' title='bbox 766 3045 801 3107; x_wconf 92' lang='lat' dir='ltr'>in</span> <span class='ocrx_word' id='word_1_234' title='bbox 823 3043 890 3109; x_wconf 89' lang='lat' dir='ltr'>dies</span> <span class='ocrx_word' id='word_1_235' title='bbox 914 3045 1209 3129; x_wconf 68' lang='grc'><strong>11111111011111111</strong></span> 
     </span>
     <span class='ocr_line' id='line_1_32' title="bbox 157 3128 610 3216; baseline -0.004 -21"><span class='ocrx_word' id='word_1_236' title='bbox 157 3151 273 3216; x_wconf 85' lang='lat' dir='ltr'>agmen</span> <span class='ocrx_word' id='word_1_237' title='bbox 297 3129 483 3194; x_wconf 77' lang='lat' dir='ltr'>extendItur.</span> <span class='ocrx_word' id='word_1_238' title='bbox 521 3128 610 3194; x_wconf 89' lang='lat' dir='ltr'>Vale.</span> 
     </span>
    </p>

    <p class='ocr_par' dir='ltr' id='par_1_9' title="bbox 203 3230 1196 3511">
     <span class='ocr_line' id='line_1_33' title="bbox 956 3230 989 3289; baseline 0 0"><span class='ocrx_word' id='word_1_239' title='bbox 956 3230 989 3289; x_wconf 49' lang='lat' dir='ltr'>N</span> 
     </span>
     <span class='ocr_line' id='line_1_34' title="bbox 990 3306 1143 3387; baseline 0.004 -16.651"><span class='ocrx_word' id='word_1_240' title='bbox 990 3306 1010 3371; x_wconf 81' lang='grc'>’1</span> <span class='ocrx_word' id='word_1_241' title='bbox 1125 3350 1143 3387; x_wconf 49' lang='grc'>,1</span> 
     </span>
     <span class='ocr_line' id='line_1_35' title="bbox 231 3387 1193 3464; baseline -0.006 -18"><span class='ocrx_word' id='word_1_242' title='bbox 231 3395 297 3446; x_wconf 83' lang='grc'><strong>6111</strong></span> <span class='ocrx_word' id='word_1_243' title='bbox 315 3391 419 3460; x_wconf 67' lang='lat' dir='ltr'>Frep,</span> <span class='ocrx_word' id='word_1_244' title='bbox 437 3405 487 3445; x_wconf 83' lang='lat' dir='ltr'>om.</span> <span class='ocrx_word' id='word_1_245' title='bbox 506 3389 571 3454; x_wconf 76' lang='lat' dir='ltr'>cett,</span> <span class='ocrx_word' id='word_1_246' title='bbox 589 3387 697 3442; x_wconf 86' lang='lat' dir='ltr'>utinam</span> <span class='ocrx_word' id='word_1_247' title='bbox 714 3391 784 3444; x_wconf 71' lang='lat' dir='ltr'>cont.</span> <span class='ocrx_word' id='word_1_248' title='bbox 806 3390 867 3448; x_wconf 78' lang='lat' dir='ltr'>Otto</span> <span class='ocrx_word' id='word_1_249' title='bbox 884 3411 914 3464; x_wconf 77' lang='lat' dir='ltr'>p,</span> <span class='ocrx_word' id='word_1_250' title='bbox 929 3399 992 3450; x_wconf 80' lang='lat'>292,</span> <span class='ocrx_word' id='word_1_251' title='bbox 1016 3422 1038 3451; x_wconf 59' lang='lat'>2,</span> <span class='ocrx_word' id='word_1_252' title='bbox 1123 3389 1162 3455; x_wconf 88' lang='lat'>.1,</span> <span class='ocrx_word' id='word_1_253' title='bbox 1189 3448 1193 3453; x_wconf 48' lang='grc'><strong>,</strong></span> 
     </span>
     <span class='ocr_line' id='line_1_36' title="bbox 1124 3470 1196 3511; baseline 0 -1"><span class='ocrx_word' id='word_1_254' title='bbox 1124 3473 1162 3511; x_wconf 76' lang='lat'>01&#39;.</span> <span class='ocrx_word' id='word_1_255' title='bbox 1192 3470 1196 3477; x_wconf 89' lang='grc'><strong>’</strong></span> 
     </span>
    </p>
   </div>
   <div class='ocr_carea' id='block_1_5' title="bbox 0 0 1277 3862">
    <p class='ocr_par' dir='ltr' id='par_1_10' title="bbox 0 0 1277 3862">
     <span class='ocr_line' id='line_1_37' title="bbox 0 0 1277 3862; baseline 0 0"><span class='ocrx_word' id='word_1_256' title='bbox 0 0 1277 3862; x_wconf 95' lang='lat' dir='ltr'> </span> 
     </span>
    </p>
   </div>
  </div>
 </body>
</html>
