2506 3862
142 221 208 284 334
577 219 605 274 C.
624 219 722 273 PLINI

142 389 227 448 tasse
254 383 413 447 laudanda
440 384 519 467 sint,
547 388 638 468 grata
669 388 745 447 sunt
774 388 882 447 tamen
911 381 1158 447 recordantibus

142 473 319 556 principem
343 473 435 536 illum
454 474 489 536 in
508 473 613 556 capita
632 474 834 537 dominorum
853 493 961 536 servos
980 472 1158 535 subornan-

142 568 207 626 tem
236 566 532 645 monstrantemque
563 562 706 647 crimina,
740 585 820 645 quae
852 565 1016 644 tamquam
1049 559 1158 623 delata

142 652 279 735 puniret,
302 672 454 735 magnum
478 656 511 714 et
528 652 713 715 inevitabile
733 674 769 716 ac
789 651 907 716 totiens
926 651 1040 732 cuique
1060 671 1157 731 expe-

141 741 288 804 riendum
312 742 442 824 malum,
466 741 613 824 quotiens
635 742 769 824 quisque
788 741 909 804 similes
928 739 1067 822 principi
1091 759 1156 802 ser·
1184 769 1197 809 5

143 852 200 895 vos
222 829 362 893 haberet.

90 920 136 986 43
208 918 247 982 In
275 919 385 982 eodem
414 939 529 1002 genere
557 918 741 1002 ponendum
770 922 827 1000 est,
851 917 936 1000 quod
962 920 1158 981 testamenta

142 1012 252 1071 nostra
266 1029 375 1071 secura
389 1011 473 1089 sunt,
482 1029 542 1071 nec
555 1030 637 1071 unus
653 1008 806 1091 omnium,
815 1028 901 1070 nunc
915 1007 990 1088 quia
1005 1006 1158 1089 scriptae,

142 1114 227 1162 nunc
252 1098 414 1179 quianon
437 1098 583 1180 scriptus,
606 1097 706 1160 heres.
743 1095 819 1160 Non
844 1100 880 1160 tu
902 1095 1000 1177 falsis,
1028 1116 1094 1159 non
1117 1099 1157 1158 tu

142 1187 261 1268 iniquis
285 1185 402 1250 tabulis
426 1186 597 1250 advocaris.
634 1184 765 1249 Nullius
784 1185 823 1247 ad
843 1190 875 1248 te
893 1183 1065 1267 iracundia,
1083 1185 1198 1255 nul-10

142 1277 204 1338 lius
228 1275 385 1357 impietas,
408 1275 527 1338 nullius
549 1275 640 1338 furor
663 1274 817 1360 confugit,
840 1295 898 1337 nec
921 1274 996 1357 quia
1020 1273 1158 1338 offendit

108 1364 233 1446 aalius,
256 1364 459 1446 nuncuparis,
483 1364 538 1428 sed
562 1365 636 1446 quia
659 1365 727 1447 ipse
748 1364 901 1427 meruisti.
939 1361 1093 1427 Scriberis
1111 1363 1156 1426 ab

143 1453 262 1532 amicis,
286 1452 325 1515 ab
348 1453 469 1537 ignotis
492 1453 683 1536 praetermis,
705 1452 851 1535 nihilque
880 1453 965 1516 inter
991 1452 1156 1534 privatum

143 1547 174 1605 et
197 1543 375 1625 prinoipem
398 1543 541 1624 interest,
562 1543 625 1605 nisi
648 1542 735 1624 quod
756 1563 842 1605 nunc
866 1564 885 1604 a
903 1540 1049 1625 pluribus
1069 1562 1157 1604 ama-

108 1649 123 1696 3
142 1632 199 1714 ris3
223 1654 298 1694 nam
322 1635 354 1694 et
376 1632 484 1714 plures
507 1653 603 1695 amas.
641 1630 735 1714 Tene,
760 1629 882 1714 Caesar,
904 1632 991 1695 hunc
1015 1651 1155 1712 cursum,
1171 1660 1196 1700 15

143 1725 174 1783 et
201 1720 391 1803 probabitur
423 1721 655 1804 experimento,
683 1721 765 1784 sitne
794 1719 930 1783 feracius
961 1725 992 1784 et
1022 1719 1155 1782 uberius

142 1830 207 1873 non
239 1809 279 1872 ad
310 1809 437 1872 laudem
470 1810 575 1893 modo,
604 1808 659 1873 sed
686 1808 726 1872 ad
754 1811 921 1892 pecuniam
950 1809 1098 1892 principi,
1127 1810 1156 1872 si

141 1898 256 1962 herede
289 1899 345 1962 illo
378 1897 524 1962 homines
557 1900 639 1962 mori
667 1899 776 1980 velint,
806 1920 902 1980 quam
931 1899 957 1961 si
988 1901 1154 1983 cogantur.

106 2006 124 2052 4
142 1986 284 2051 Donavit
297 1991 388 2070 pater
406 1992 481 2051 tuus
495 1987 606 2069 multa,
625 1988 723 2051 multo
742 1992 774 2051 et
787 1989 856 2070 ipse
876 1986 1010 2050 donasti.
1042 1984 1154 2069 10111-

143 2077 219 2139 serit
242 2098 355 2159 parum
379 2080 505 2160 gratus3
529 2081 660 2141 manent
683 2081 791 2155 tamen
813 2076 857 2157 hi,
880 2076 935 2157 qui
958 2076 1051 2140 bonis
1076 2076 1154 2159 eius,
1168 2105 1195 2144 20

142 2164 288 2246 nihilque
312 2187 350 2228 ex
375 2166 439 2228 illis
463 2166 503 2228 ad
528 2166 646 2229 tenisi
669 2167 771 2250 gloria
797 2165 889 2228 redit.
926 2163 1011 2228 Nam
1038 2165 1154 2228 libera-

142 2255 266 2317 litatem
290 2253 511 2319 iucundiorem
535 2254 661 2319 debitor
684 2258 802 2340 gratus,
822 2255 986 2318 clariorem
1006 2254 1153 2338 ingratus

107 2342 227 2408 cfacit.
266 2341 327 2406 Sed
351 2344 422 2426 quis
449 2347 522 2406 ante
550 2347 582 2406 te
609 2343 736 2407 laudem
764 2345 860 2406 istam
887 2343 1041 2426 pecuniae
1064 2364 1154 2426 praa

142 2433 240 2495 tulit?
263 2437 380 2515 quotus
405 2433 539 2515 quisque
562 2433 744 2515 principum
767 2456 807 2497 ne
832 2433 865 2496 id
889 2433 1017 2515 quidem
1040 2432 1075 2495 in
1097 2454 1153 2514 pa-

143 2522 302 2585 trimoniis
316 2522 435 2586 nostris
451 2544 543 2585 suum
559 2521 660 2604 duxit,
674 2522 760 2605 quod
779 2525 861 2585 esset
880 2521 918 2586 de
933 2521 1012 2585 suo?
1034 2519 1153 2584 Nonne
1168 2548 1195 2590 rs

142 2615 179 2673 ut
207 2632 320 2694 regum
350 2611 396 2674 ita
427 2607 596 2674 Caesarum
629 2633 761 2674 munera
789 2612 890 2675 illitos
920 2609 1000 2674 cibis
1029 2609 1154 2693 hamos,

144 2704 271 2781 opertos
295 2700 412 2782 praeda
434 2701 565 2782 laqueos
584 2699 835 2784 aemulabantur,
859 2721 931 2763 cum
955 2699 1088 2783 privatis
1106 2697 1153 2761 fa-

143 2788 316 2851 cultatibus
349 2789 438 2852 velut
472 2791 565 2852 aucta
597 2792 629 2852 et
660 2789 875 2872 multiplicata
910 2793 996 2853 retro
1034 2810 1152 2870 secum,

143 2875 299 2959 quidquid
321 2878 502 2963 attigerant,
524 2877 700 2942 referrent?

90 2963 137 3029 44
211 2963 312 3039 Quam
336 2967 414 3031 utile
438 2971 487 3030 est
514 2966 554 3029 ad
581 2989 674 3030 usum
703 2967 913 3030 secundorum
940 2989 997 3050 per
1019 2966 1152 3030 adversa
1166 2995 1195 3035 ao

214 3181 246 3229 15
266 3178 294 3229 et
312 3179 344 3229 tu
362 3176 455 3244 plures
474 3176 489 3230 ‚9
562 3183 594 3230 16
613 3176 779 3246 probabitur
793 3179 829 3244 A,
850 3179 971 3246 Caspia,
986 3179 1033 3244 Κ,
1051 3175 1151 3246 probe-

142 3249 188 3300 tur
202 3248 229 3300 B
240 3248 271 3313 V,
286 3249 395 3313 Bochr„
409 3247 534 3316 probiter
548 3250 571 3303 C
578 3250 620 3303 W.
676 3255 708 3301 19
722 3248 812 3302 multa
825 3257 905 3318 repet.
916 3250 1038 3313 Ernesti,
1048 3248 1150 3302 Barla.

144 3350 174 3358 ἡ
200 3320 309 3385 1111111,
333 3318 491 3372 Decesserit
510 3321 607 3374 Modo.
627 3321 688 3374 odo.
699 3322 806 3386 11220,
830 3320 964 3373 cesserint
982 3336 1041 3389 par.
1060 3320 1150 3390 gratis

142 3391 246 3456 Livia,
261 3391 371 3455 Baelo„
386 3390 491 3458 ceperit
504 3408 531 3458 p.
547 3393 645 3460 gratus
659 3392 737 3460 Iope.
799 3396 833 3444 20
852 3390 933 3445 bonis
948 3391 1007 3444 eius
1021 3391 1152 3444 fruantur

133 3462 242 3528 Calan„
260 3461 397 3518 fiuuntur
409 3463 480 3531 KJ,
498 3461 581 3517 bonis
595 3461 681 3517 eius*
698 3464 734 3517 K.
741 3462 783 3527 H,
799 3466 895 3515 tamen
914 3478 1002 3530 acque
1021 3461 1050 3514 in
1068 3461 1151 3516 bonis

116 3530 182 3583 eius
196 3535 342 3606 Momm,
360 3537 445 3611 digni
460 3535 546 3594 bonis
560 3537 604 3595 eis
621 3535 724 3593 Boalu.
793 3538 830 3585 ‘is
848 3540 909 3600 post
919 3531 1001 3583 1111111
1015 3533 1080 3583 aba,
1090 3531 1155 3582 lau-

103 3601 186 3656 tores
200 3607 310 3666 Baehr.
336 3646 372 3653 —
393 3615 485 3671 aucta
508 3613 624 3680 Idola„
644 3608 762 3675 Barcha,
774 3604 887 3658 haum
903 3599 993 3663 soffia
1006 3599 1080 3663 mla·
