2506 3862
122 218 188 283 380
557 216 585 271 O.
604 215 702 269 PLINI

122 381 261 466 principi
296 381 516 466 precabamur,
553 380 679 464 exaudi,
713 402 794 463 quae
825 402 885 464 pro
918 379 1141 446 dissimillimo

124 475 281 555 optamus.
316 469 394 535 Non
412 473 444 534 te
462 469 684 554 distringimus
703 469 801 554 voris,
824 491 891 533 non
910 469 996 533 enim
1014 491 1141 555 pacem,

122 582 189 625 non
217 559 434 642 concordiam,
460 581 527 624 non
555 559 771 642 securitatem,
798 579 865 622 non
892 579 969 642 opes
998 580 1140 644 oramus,

122 671 189 714 non
211 649 362 733 honores;
391 647 528 732 simplex
551 651 728 730 cunctaque
756 648 818 711 ista
841 648 1047 730 complexum
1073 669 1140 712 om-

89 755 104 803 3
123 739 213 802 nium
235 742 348 802 votum
372 740 428 820 est,
452 738 538 802 salus
559 736 721 820 principis.
757 735 828 801 Neo
845 758 919 801 vero
939 757 1059 800 novam
1079 736 1141 800 tibi
1163 763 1175 804 a

123 826 321 912 iniungimus
341 847 458 890 curam.
486 825 536 889 Tu
554 826 639 890 enim
658 826 722 890 iam
741 828 819 890 tunc
837 824 930 888 illum
947 826 982 889 in
1000 825 1140 890 tutelam

122 916 281 1000 recepisti,
304 936 377 979 cum
402 914 572 998 praedonis
600 914 777 979 avidissimi
805 913 952 979 faucibus
980 914 1139 998 eripuisti.

122 1004 236 1087 Neque
264 1005 349 1068 enim
377 1003 445 1068 sine
473 1004 593 1068 auxilio
622 1007 687 1086 tuo,
716 1025 789 1067 oum
812 1003 968 1068 altissima
991 1025 1140 1087 quaeque

124 1097 339 1177 quaterentur,
352 1091 414 1175 hic,
429 1093 485 1175 qui
500 1093 650 1157 omnibus
665 1093 820 1157 excelsior
836 1096 912 1176 erat,
925 1093 1139 1158 inconcussus

125 1183 223 1247 stetit.
257 1182 452 1247 Praeteritus
471 1185 519 1246 est
537 1205 556 1246 a
574 1182 714 1265 pessimo
733 1182 886 1265 principe,
900 1181 956 1264 qui
969 1181 1139 1265 praeteriri
1152 1208 1175 1250 ιο

88 1290 105 1338 4
124 1271 163 1336 ab
188 1272 312 1355 optimo
334 1293 400 1336 non
422 1274 557 1355 poterat.
594 1271 643 1334 Tu
667 1271 752 1335 clara
772 1271 883 1335 iudicii
901 1271 950 1334 tui
968 1271 1063 1356 signa
1082 1272 1140 1335 mi-

124 1362 208 1439 sisti,
232 1382 304 1424 cum
327 1360 545 1443 proficiscenti
569 1360 610 1424 ad
634 1361 808 1424 exercitum
831 1364 888 1425 tuo
911 1360 1057 1444 nomine,
1080 1364 1138 1424 tuo

89 1468 104 1516 5
124 1449 247 1514 honore
270 1449 402 1514 cessisti.
439 1448 488 1513 Tu
506 1469 585 1513 voce
603 1449 814 1533 imperatoris,
833 1449 911 1533 quid
929 1450 1076 1533 sentires,
1093 1449 1139 1514 lo·

124 1543 218 1604 cutus
240 1539 344 1603 filium
368 1538 425 1621 illi,
447 1538 541 1602 nobis
560 1542 735 1621 parentem,
753 1538 814 1602 tibi
832 1537 1019 1622 pontificem
1037 1538 1139 1603 maxi-

124 1650 214 1692 mum
242 1628 376 1712 elegisti.
427 1625 497 1703 Quo
525 1627 645 1691 maiore
672 1626 790 1692 fiducia
816 1627 918 1691 isdem
947 1628 1013 1691 illis
1043 1628 1137 1710 votis,
1150 1653 1173 1693 rs

126 1739 206 1800 quae
229 1718 299 1802 ipse
321 1738 380 1800 pro
405 1738 438 1780 se
465 1717 644 1799 nuncupari
667 1716 770 1800 iubet,
793 1737 849 1780 oro
873 1716 1088 1800 etcbtestor,
1111 1717 1138 1780 si

124 1807 205 1870 bene
228 1829 295 1870 rem
318 1806 491 1889 publicam,
514 1805 542 1868 si
565 1827 604 1869 ex
627 1805 767 1869 utilitate
791 1805 935 1869 omnium
958 1806 1052 1891 regit,
1074 1805 1138 1889 pri-

124 1918 213 1958 mum
228 1895 371 1959 utillum
385 1894 558 1978 nepotibus
576 1894 696 1958 nostris
715 1916 753 1959 ao
770 1894 1003 1978 pronepotibus
1023 1915 1138 1977 serves,

125 1983 238 2048 deinde
261 1988 299 2048 ut
322 1983 513 2067 quandoque
537 2004 751 2048 successorem
770 1984 799 2047 ei
817 1983 950 2066 tribuas,
970 2004 1067 2066 quem
1086 2005 1137 2069 ge-

124 2074 243 2155 nuerit,
271 2094 366 2156 quem
393 2072 581 2136 formaverit
608 2072 809 2156 similemque
835 2073 947 2136 feeerit
974 2072 1137 2156 adoptat0,
1150 2097 1175 2138 so

125 2165 190 2245 aut,
213 2162 242 2225 si
263 2162 327 2226 hoc
348 2162 416 2225 fato
439 2164 585 2246 negatur,
608 2162 643 2224 in
666 2162 800 2225 consilio
824 2162 868 2226 sis
892 2161 1024 2245 eligenti
1047 2183 1138 2226 mon-

125 2254 269 2335 stresque
297 2251 447 2333 aliquem,
471 2271 566 2332 quem
594 2250 740 2333 adoptari
767 2251 802 2313 in
830 2249 989 2334 Capitolio
1019 2250 1137 2315 deceat

72 2337 118 2404 95
191 2338 303 2422 Vobis,
326 2343 432 2423 patres
456 2339 638 2423 conscripti,
662 2343 818 2422 quantum
837 2339 979 2423 debeam,
998 2339 1138 2422 publicis

125 2429 221 2493 etiam
244 2428 461 2492 monumentis
485 2429 674 2492 continetur.
719 2427 787 2492 Vos
811 2429 891 2493 mihi
914 2430 948 2492 in
970 2428 1139 2492 tribunatu

126 2518 251 2600 quietis,
269 2518 304 2580 in
322 2520 471 2600 praetura
487 2517 671 2601 modestiae,
689 2539 746 2582 vos
760 2518 795 2581 in
808 2518 879 2582 istis
895 2518 991 2582 etiam
1011 2517 1138 2601 officiis,
1151 2541 1176 2583 u

125 2628 207 2689 quae
230 2606 345 2670 studiis
368 2606 487 2670 nostris
511 2607 594 2670 circa
621 2605 757 2670 tuendos
787 2607 890 2671 socios
917 2607 1138 2690 iniunxeratis,

126 2715 199 2758 cum
221 2696 297 2776 (idei
318 2699 388 2759 tum
413 2695 610 2760 constantiae
633 2696 891 2779 antiquissimum
914 2696 1138 2760 testimonium

91 2783 342 2867 aperhibuistis.
394 2782 462 2847 Vos
494 2785 640 2866 proxime
673 2784 918 2849 destinationem
951 2785 1138 2850 consulatus

126 2874 190 2936 mei
216 2872 267 2937 his
295 2871 578 2936 acclamationibus
607 2873 851 2957 approbavistis,
882 2877 919 2937 ut
950 2874 1138 2959 intellegam

127 2962 222 3025 etiam
241 2965 338 3045 atque
357 2962 453 3025 etiam
473 2961 657 3026 enitendum
678 2961 767 3046 mibi,
785 2966 823 3026 ut
840 2963 927 3027 huno
945 2983 1138 3028 consensum
1151 2987 1178 3028 so

197 3106 213 3152 5
230 3117 473 3155 novam--curam
487 3102 523 3167 A,
540 3101 662 3169 Cuspio,
677 3101 780 3171 Giera'p,
799 3118 899 3155 novam
914 3103 957 3168 M,
976 3117 1047 3155 nova
1063 3103 1139 3173 culp.

127 3177 158 3224 11
188 3175 300 3240 poterat
325 3173 402 3227 Keile'
426 3174 483 3226 cod.
511 3172 634 3238 Medici„
660 3172 746 3238 ΚΠ,
772 3173 883 3239 Boebr,
909 3172 1015 3241 poterit
1037 3174 1138 3242 pleriq.

126 3244 212 3310 codd,
225 3243 320 3312 potuit
333 3245 414 3313 culp,
429 3245 498 3298 Κ.1.
572 3248 604 3296 21
624 3245 817 3310 monstresque
831 3246 929 3313 pleraq.
948 3244 1033 3310 codd,
1048 3245 1139 3311 K.II,

127 3316 227 3368 Boebr.
252 3322 313 3379 tec,
336 3316 473 3369 monstres
497 3315 562 3368 K.I
576 3332 609 3368 ec
627 3315 685 3368 sais
703 3315 762 3369 Ad.
845 3321 878 3367 24
901 3307 1014 3368 mdnim.
1034 3316 1138 3370 Bcebr.

127 3391 161 3437 25
182 3386 268 3438 etiam
286 3385 386 3438 officiis
404 3387 441 3452 A,
461 3384 505 3439 off.
526 3385 612 3439 etiam
629 3387 702 3456 culp.
777 3391 811 3439 26
835 3386 935 3440 studiis
956 3387 1053 3441 Modo.
1074 3387 1138 3441 ado.

126 3457 252 3522 111222,
277 3473 292 3510 e
311 3456 411 3510 studiis
430 3458 528 3525 pleriq.
550 3457 628 3510 Kese·
650 3457 736 3523 codd,
755 3457 803 3524 K,
826 3459 855 3511 et
873 3474 888 3511 e
908 3457 981 3511 stud.
1000 3458 1080 3524 AM,
1104 3473 1138 3512 ex

127 3527 200 3581 stud
220 3529 321 3582 Baebr.
407 3534 440 3581 27
464 3527 530 3580 fidei
553 3528 636 3581 ΚΠ
650 3529 685 3595 cf.
704 3545 744 3596 ep.
758 3529 845 3582 1119.
854 3531 900 3593 23,
918 3530 974 3583 17.
984 3531 1012 3596 2,
1030 3529 1101 3584 119.
1111 3534 1138 3597 4,

131 3599 160 3652 V
160 3603 239 3666 122,
258 3599 372 3667 Baehr„
391 3615 441 3654 om.
461 3600 548 3666 codd,
566 3598 661 3652 cuncti
679 3601 765 3653 const.
785 3602 866 3670 culp,
885 3601 953 3654 KJ.
