2506 3862
152 207 217 272 352
588 206 616 261 0.
635 207 734 261 PLINI

152 371 262 456 gentio
291 374 347 434 tua
376 371 581 435 necessitates
614 372 799 435 aemuletur.
852 370 950 436 Modo
983 376 1172 455 praetextas

153 463 318 542 exuerant3
336 462 513 544 resumant;
531 459 627 523 modo
642 459 770 524 lictores
785 461 873 525 abire
886 462 1057 546 iusserant3
1076 483 1171 526 revo-

153 553 238 633 cent3
261 548 358 612 modo
382 549 579 634 gratulantes
602 549 697 613 amici
720 553 928 635 recesserant;
954 553 1168 615 revertantur.

116 653 132 702 9
151 637 342 702 Hominisne
365 638 452 702 istud
474 638 639 722 ingenium
662 642 720 720 est,
742 637 882 703 hominis
904 643 1054 722 potestas,
1073 661 1170 704 reno-

151 749 226 792 vare
244 728 369 813 gaudia,
391 727 607 812 redintegrare
629 727 785 791 laetitiam
809 729 996 812 nullamque
1018 730 1168 811 requiem
1196 756 1207 796 1

153 817 422 902 gratulationibus
445 817 519 880 dare
542 837 645 897 neque
664 815 727 880 alia
744 817 925 900 repetendis
945 817 1169 883 consulatibus

99 923 132 971 10
151 906 319 970 intervalla
341 906 535 989 permittere,
557 906 620 969 nisi
643 905 720 970 dum
748 906 926 970 finiuntur?
962 905 1074 971 Facias
1101 908 1169 971 ista
1234 934 1237 939 ·

151 1017 284 1078 semper,
311 1015 371 1059 nec
398 1016 551 1079 umquam
578 996 614 1058 in
640 994 703 1058 hoc
730 1016 825 1078 opere
854 999 910 1059 aut
939 997 1064 1060 animus
1087 1000 1168 1062 tuus

150 1089 206 1148 aut
228 1084 357 1148 fortuna
379 1085 524 1167 lassetur,
547 1083 602 1147 des
626 1107 721 1168 quam
744 1083 892 1168 plurimis
914 1085 1026 1148 tertios
1050 1105 1167 1150 consu=

149 1173 244 1255 latus,
258 1177 298 1257 et,
313 1195 385 1237 cum
400 1174 547 1256 plurimis
561 1174 674 1238 tertios
691 1175 876 1255 considatus
891 1173 1022 1257 dederis,
1036 1195 1167 1258 semper
1180 1201 1207 1240 ro

149 1267 260 1326 tamen
281 1263 398 1345 plures,
423 1263 539 1344 quibus
563 1262 678 1326 debeas
702 1262 785 1347 dare,
809 1264 978 1346 supersint.

65 1348 69 1353 ’
93 1350 141 1416 62
215 1348 368 1414 Omnium
387 1352 516 1434 quidem
534 1352 771 1433 beneficiorum,
791 1374 872 1434 quae
891 1352 1087 1416 merentibus
1105 1354 1165 1416 tri-

147 1439 300 1522 buuntur,
322 1432 388 1504 don
406 1440 446 1503 ad
464 1442 552 1524 ipsos
571 1441 724 1526 gaudium
743 1442 846 1505 maius
865 1464 961 1525 quam
980 1441 1164 1506 adsimiles

147 1528 317 1612 redundat3
349 1531 518 1614 praecipue
548 1534 658 1594 tamen
688 1552 726 1594 ex
756 1528 871 1593 horum
899 1532 1067 1594 consulatu
1094 1553 1165 1595 non

148 1618 188 1681 ad
220 1622 343 1701 partem
376 1620 516 1701 aliquam
549 1622 687 1702 senatus,
719 1619 774 1682 sed
806 1619 847 1682 ad
877 1624 983 1684 totum
1013 1624 1162 1684 senatum
1178 1645 1204 1687 11

147 1710 237 1771 tanta
259 1708 382 1772 11111111
404 1709 558 1792 pervenit,
580 1713 617 1772 ut
640 1708 775 1772 eundem
794 1708 949 1772 honorem
968 1730 1078 1773 omnes
1098 1710 1165 1774 sibi

111 1813 127 1860 1
148 1801 180 1860 11
199 1797 322 1860 dedisse
341 1802 372 1861 11
391 1798 550 1880 accepisse
568 1797 744 1861 videantur.
774 1795 899 1881 Nempe
919 1799 1004 1863 enim
1022 1798 1057 1861 hi
1076 1803 1162 1882 sunt,

148 1907 229 1968 quos
252 1889 389 1967 senatus,
413 1908 486 1950 oum
510 1886 647 1969 publicis
672 1887 854 1969 sumptibus
877 1887 1057 1951 minuendis
1077 1889 1163 1970 opti-
1197 1924 1205 1936 ·

147 1996 236 2037 mum
266 1997 425 2059 quemque
452 1976 646 2059 praeficeret,
674 1976 780 2060 elegit,
808 1981 840 2039 et
867 1977 996 2060 quidem
1028 1978 1161 2059 primos.

146 2061 219 2126 Hoc
242 2068 291 2127 est
313 2065 421 2149 igitur,
444 2063 506 2128 hoc
530 2070 586 2148 est,
610 2064 697 2147 quod
715 2065 843 2148 penitus
862 2065 936 2129 illos
955 2066 1062 2129 animo
1083 2062 1162 2129 an—
1176 2091 1202 2130 so

110 2153 226 2216 311111
250 2153 432 2218 insinuavit.
469 2151 523 2216 An
545 2176 659 2236 parum
683 2176 776 2237 saepe
798 2156 920 2237 experti
943 2175 1052 2218 sumus
1075 2153 1162 2220 hanc

147 2262 215 2304 esse
237 2264 343 2305 rerum
367 2242 597 2326 condicionem,
620 2247 657 2307 ut
680 2248 807 2306 senatus
830 2245 922 2307 lavor
940 2242 1024 2326 apud
1042 2244 1162 2326 princi·

146 2353 219 2412 pem
239 2335 295 2394 aut
310 2352 373 2396 111
386 2332 489 2414 prosit
507 2336 563 2395 aut
576 2333 710 2396 noceat?
733 2331 849 2396 Nonne
868 2333 964 2416 paulo
984 2336 1057 2395 ante
1075 2331 1161 2397 nihil

146 2421 248 2503 magis
273 2421 400 2484 exitiale
419 2426 487 2484 erat
506 2443 602 2504 quam
621 2421 677 2485 illa
695 2422 850 2504 principis
869 2422 1035 2507 cogitatio:
1059 2421 1160 2487 ‘huno

146 2513 274 2572 senatus
297 2510 421 2592 probat,
443 2510 496 2574 hic
523 2512 648 2574 senatui
676 2532 766 2574 carus
795 2510 880 2574 est'?
922 2509 1048 2594 Oderat,
1075 2532 1158 2593 quos
1174 2537 1199 2575 aa

108 2612 204 2661 41111
227 2620 415 2681 amaremus,
438 2600 493 2663 sed
516 2604 548 2662 et
565 2621 633 2681 nos,
657 2620 738 2682 quos
756 2598 820 2664 1111.
856 2599 952 2665 Nunc
970 2600 1053 2663 inter
1071 2601 1159 2682 prin-

145 2688 991 2842 tltltttltqtttttllttttttllll
1007 2692 1158 2861 {llll

584 2829 592 2858 7
961 2827 969 2860 7

145 2864 319 2928 maximum
345 2868 462 2931 amoris
485 2868 590 2930 mutui
613 2867 741 2953 signum
764 2871 820 2948 est,
848 2868 975 2930 eosdem
1002 2889 1156 2931 amamus.

108 2968 126 3017 1
145 2950 292 3037 Proinde,
315 2959 421 3037 patres
445 2957 627 3039 conscripti,
651 2956 756 3020 favete
784 2959 901 3039 aperte,
930 2956 1054 3040 diligite
1082 2979 1155 3021 con·
1171 2982 1197 3022 eo

145 3046 274 3106 stanter.
310 3042 386 3108 Non
408 3046 472 3109 iam
496 3044 745 3109 dissimulandos
773 3050 821 3109 est
847 3067 947 3128 amor,
969 3066 1010 3109 ne
1031 3050 1156 3128 noceat,

144 3154 210 3195 non
233 3133 441 3215 premendum
460 3134 579 3217 odium,
596 3155 637 3197 ne
656 3134 765 3217 prosit.
797 3133 920 3198 Eadem
939 3131 1055 3198 Caesar
1073 3157 1155 3218 quae

145 3227 273 3285 senatus
296 3222 412 3306 probat
434 3224 668 3307 improbatque.
704 3222 772 3287 Vos
794 3224 850 3288 ille
878 3227 1068 3306 praesentes,
1095 3245 1154 3288 vos

145 3312 241 3374 etiam
260 3311 406 3375 absentes
425 3313 460 3376 in
478 3313 612 3377 consilio
630 3313 737 3377 habet.
773 3312 881 3376 Tertio
904 3312 1049 3376 consules
1067 3312 1155 3397 fecit,

208 3456 226 3503 6
246 3467 301 3520 quc
320 3469 370 3508 om.
386 3451 505 3523 aliquott
518 3452 604 3520 codd,
618 3452 687 3506 KJ.
741 3457 775 3504 23
794 3468 851 3505 non
864 3452 929 3506 aad.
944 3453 993 3519 (11
1006 3467 1107 3520 parum
1119 3451 1154 3522 ?),

118 3517 198 3574 liant
210 3525 319 3596 prosit,
339 3528 371 3582 at
389 3543 453 3583 noc,
475 3527 592 3593 Barba,
609 3525 662 3580 aut
677 3540 755 3595 pros.
770 3525 824 3577 aut
834 3524 887 3576 det.
902 3524 1001 3575 Neocli
1020 3523 1154 3589 Ztscbaf.

104 3589 135 3641 d·
158 3603 225 3650 oeet.
250 3597 284 3653 G.
308 3603 417 3659 XLII
429 3607 517 3674 1068,
538 3592 1100 3664 111-1111111111111111111111
