2506 3862
123 211 167 274 82
559 207 587 263 C.
605 209 704 263 PLINI

123 378 247 458 rerunt3
270 375 357 456 quod
379 375 509 438 interim
532 375 627 457 plane
650 373 826 437 remedium
854 373 929 457 fuit,
957 377 1025 437 erat
1049 374 1136 437 enim

88 480 104 527 8
123 486 244 527 novum
263 467 295 528 et
314 464 466 528 subitum.
504 460 567 526 Sed
585 484 704 545 vereor,
722 485 762 526 ne
781 464 972 546 procedente
990 466 1137 546 tempore

124 576 163 617 ex
187 553 257 637 ipso
280 553 421 617 remedio
445 552 525 615 vitia
547 554 727 615 nascantur.
764 550 825 615 Est
844 553 929 616 enim
947 552 1137 635 periculum,

123 664 164 706 ne
192 642 299 706 tacitis
327 641 488 726 suffragiis
521 640 709 724 inpudentia
740 640 875 723 inrepat.
916 639 1001 705 Nam
1035 644 1136 724 quoto

125 731 239 814 cuique
274 731 384 794 eadem
419 729 597 798 honestatis
633 751 708 793 cura
738 733 859 793 secreto
893 751 975 812 quae
1006 729 1137 813 palam?
1166 759 1177 798 1

89 836 104 882 o
124 819 220 884 Multi
243 819 371 902 famam,
395 819 624 883 conscientiam
642 819 737 902 pauci
759 823 915 883 verentur.
954 817 1017 883 Sed
1038 820 1137 882 nimis

125 910 188 973 cito
209 909 247 972 de
265 909 397 992 futuris,
415 908 544 972 interim
564 908 718 972 beneficio
737 907 928 971 tabellarum
946 907 1137 971 habebimus

124 998 342 1083 magistratus,
366 997 422 1080 qui
449 997 589 1060 maxime
616 997 685 1060 fieri
713 996 898 1060 debuerunt.
934 995 1019 1061 Nam
1043 1000 1080 1060 ut
1103 998 1138 1059 in

124 1087 360 1170 reciperatoriis
383 1086 510 1150 iudiciis
534 1086 580 1150 sic
602 1107 661 1150 nos
681 1086 715 1149 in
737 1085 789 1150 his
812 1086 952 1148 comitiis
976 1087 1069 1168 quasi
1090 1108 1138 1149 re-

124 1179 220 1259 pente
244 1173 434 1259 adprehensi
458 1175 572 1238 sinceri
596 1175 715 1239 iudices
738 1175 868 1238 fuimus.
1152 1204 1179 1242 10

72 1280 106 1327 10
190 1263 281 1329 Haec
294 1264 356 1327 tibi
370 1265 492 1347 scripsi,
505 1264 647 1348 primum
663 1267 700 1327 ut
719 1264 841 1346 ahquid
858 1263 936 1327 novi
955 1263 1138 1345 scriberem,

125 1353 238 1416 deinde
261 1356 298 1416 ut
320 1374 386 1416 non
409 1369 585 1435 numquam
610 1354 648 1416 de
666 1375 700 1416 re
719 1352 849 1437 publica
871 1353 1028 1435 loquerer,
1047 1353 1139 1415 cuius

125 1443 277 1505 materiae
300 1442 394 1506 nobis
419 1445 539 1525 quanto
567 1442 670 1505 rarior
697 1462 793 1523 quam
822 1441 983 1505 veteribus
1012 1442 1138 1505 occasio

73 1547 105 1594 11
126 1534 218 1594 tanto
241 1532 348 1595 minus
372 1531 550 1595 omittenda
575 1533 632 1594 est.
669 1529 714 1593 Et
740 1529 869 1594 hercule
893 1551 1059 1613 quousque
1082 1530 1140 1592 illa

126 1620 272 1705 vulgaria
294 1618 394 1696 ‘Quid
412 1620 503 1705 agis?
522 1619 636 1701 ecquid
655 1619 822 1682 commode
839 1619 965 1682 vales?'
988 1618 1140 1682 Habeant
1155 1648 1180 1688 15

126 1713 255 1774 nostrae
279 1730 407 1792 quoque
429 1710 555 1773 litterae
579 1708 701 1790 aliquid
722 1729 789 1771 non
811 1707 933 1771 humile
955 1730 1014 1773 nec
1040 1708 1139 1771 sordi-

75 1814 107 1861 12
129 1799 205 1862 dum
224 1821 284 1864 nec
302 1799 435 1883 privatis
454 1798 549 1862 rebus
568 1797 737 1862 inclusum.
774 1795 858 1860 Sunt
876 1797 1004 1878 quidem
1024 1801 1140 1861 cuncta

128 1887 187 1951 sub
216 1889 311 1951 unius
339 1887 486 1969 arbitrio,
515 1887 570 1968 qui
599 1908 657 1972 pro
688 1886 828 1949 utilitate
858 1887 1021 1949 communi
1051 1886 1140 1950 solus

127 1976 271 2039 omnium
295 1997 387 2040 curas
409 1971 599 2057 laboresque
623 1975 778 2059 suscepit3
806 1974 935 2056 quidam
959 1977 1069 2038 tamen
1092 1997 1141 2038 sa·

125 2063 212 2126 lubri
234 2067 487 2147 temperamento
512 2063 552 2126 ad
578 2085 637 2128 nos
662 2085 789 2146 quoque
818 2065 907 2127 velut
934 2064 996 2126 rivi
1018 2086 1058 2127 ex
1081 2064 1139 2127 illo
1155 2093 1182 2130 so

127 2152 357 2237 benignissimo
372 2153 461 2216 fonte
476 2152 656 2235 decurrunt,
675 2173 756 2235 quos
775 2156 807 2216 et
820 2153 948 2216 haurire
962 2153 1025 2235 ipsi
1038 2155 1071 2215 et
1086 2152 1140 2215 ab·

64 2253 66 2256 ·
129 2241 274 2305 sentibus
284 2242 394 2305 amicis
406 2241 497 2324 quasi
506 2241 687 2305 ministrare
697 2242 843 2324 epistulis
855 2262 1034 2324 possumus.
1049 2240 1140 2307 Vale.

595 2406 673 2466 XXI.

295 2507 323 2554 o.
347 2507 486 2554 Pnnuus
511 2506 685 2554 consumo
709 2507 833 2554 musco
858 2507 923 2554 suo
948 2507 974 2554 s.

94 2614 107 2660 1
194 2596 300 2662 Audio
331 2596 496 2660 Valerium
526 2596 707 2660 Martialem
740 2597 912 2662 decessisse
942 2601 974 2660 et
1004 2598 1140 2661 moleste
1155 2627 1181 2667 25

128 2685 205 2749 fero.
241 2685 322 2750 Erat
344 2685 441 2749 homo
466 2686 660 2770 ingeniosus,
684 2689 806 2769 acutus,
832 2708 912 2769 acer,
936 2690 967 2750 et
992 2688 1047 2769 qui
1070 2688 1141 2772 plu-

128 2773 246 2837 rimum
270 2775 304 2837 in
327 2774 494 2838 scribendo
519 2777 550 2837 et
573 2775 648 2838 salis
671 2773 804 2839 haberet
827 2778 859 2839 et
877 2776 962 2839 fellis
985 2798 1044 2839 nec
1068 2797 1141 2840 can-

94 2862 215 2925 010110
252 2863 366 2926 minus.
419 2863 611 2927 Prosecutus
649 2885 735 2928 eram
771 2865 889 2929 viatico
927 2865 1141 2947 secedentem3

130 2951 277 3015 dederam
301 2949 363 3015 hoc
387 2952 556 3035 amicitiae,
579 2952 727 3017 dederam
751 2953 847 3016 etiam
866 2955 1040 3036 versiculis,
1059 2975 1141 3036 quos

94 3040 168 3102 ade
195 3061 247 3102 me
275 3041 462 3123 composuit.
508 3040 584 3104 Fuit
610 3043 709 3105 moris
738 3042 879 3123 antiquis
909 3064 976 3125 eos,
1004 3043 1060 3124 qui
1089 3044 1141 3106 101
1156 3071 1182 3109 eo

130 3129 330 3214 singulomm
358 3130 468 3194 laudes
494 3131 546 3193 101
573 3130 702 3193 urbium
730 3131 934 3213 scripserant,
962 3135 1017 3194 aut
1040 3132 1142 3195 hono-

129 3218 218 3281 ribus
246 3221 302 3281 aut
331 3220 467 3301 pecunia
495 3240 620 3302 omare3
642 3219 761 3282 nostris
783 3240 858 3282 vero
881 3219 1080 3303 temporibus
1104 3224 1143 3283 ut

17 3348 21 3353 -
50 3318 53 3323 ’
129 3307 192 3370 alia
220 3307 363 3391 speciosa
393 3311 426 3370 et
462 3309 589 3394 egregia
616 3308 662 3370 ita
690 3306 753 3371 hoc
784 3307 819 3369 in
850 3308 962 3392 primis
992 3309 1141 3373 exolevit.

130 3443 161 3450 ..-

187 3523 227 3568 30
234 3517 366 3585 antiquis
374 3517 455 3586 Fre,
470 3517 601 3585 Ott0299,
616 3516 727 3586 antiqui
733 3518 771 3572 K.
786 3517 828 3585 Cf.
839 3519 924 3572 1119.
934 3522 960 3582 8,
976 3520 1088 3573 VII27.
1096 3525 1138 3585 14,

104 3578 193 3633 VIII
194 3591 239 3639 19,
248 3592 279 3652 ff,
289 3607 367 3658 pan.
379 3594 423 3646 13.
435 3595 463 3660 3,
478 3596 524 3648 56.
536 3597 561 3660 4,
576 3595 661 3648 801.
