2506 3862
351 229 353 235 ·
422 210 678 264 EPISTULARUM
696 211 734 265 IV
754 216 830 265 7-9.
1088 213 1131 276 89

120 396 216 457 quam
245 374 279 435 in
306 376 414 437 locum
443 396 535 437 suum
564 377 742 458 cooptaret3
771 375 857 456 quod
886 397 971 440 nunc
999 379 1131 439 eventus

119 465 165 526 ita
184 462 404 546 conprobavit,
418 466 454 526 ut
467 484 533 526 non
546 463 718 526 furtuitum
732 463 900 527 videretur.
934 464 978 528 Te
993 465 1132 548 quidem,
1150 482 1168 528 4

118 556 155 616 ut
184 552 311 634 scribis,
339 552 380 615 ob
408 551 470 616 hoc
497 553 636 615 maxime
664 553 801 617 delectat
828 556 1002 638 auguratus
1032 575 1132 636 111011,

120 641 208 724 quod
230 640 273 704 M.
293 640 418 704 Tullius
442 662 545 726 augur
566 641 638 704 fuit.
681 639 824 705 Laetaris
849 643 943 725 enim,
967 643 1053 725 quod
1075 642 1132 706 ho-

91 730 253 796 anoribus
277 731 344 793 eius
368 730 523 813 insistam,
543 751 638 812 quern
661 731 815 794 aemulari
838 731 872 792 in
890 731 1004 795 studiis
1028 732 1131 814 cupio.

121 817 184 882 Sed
202 819 336 902 utinam,
353 822 390 882 ut
409 819 622 883 sacerdotium
641 819 735 903 idem,
753 823 790 883 ut
809 822 1010 884 consulatum
1028 820 1132 883 multo
1152 837 1168 885 5

119 909 217 972 etiam
249 909 395 971 iuvenior
424 930 520 991 quam
552 908 605 970 ille
636 929 707 971 sum
736 912 935 992 consecutus,
963 910 1008 972 ita
1036 931 1132 973 senex

120 998 233 1061 saltem
257 998 422 1082 ingenium
446 997 513 1060 eius
537 997 645 1079 aliqua
668 1019 707 1060 01
730 1001 821 1080 parte
843 997 975 1081 adsequi
997 999 1132 1081 possimt

120 1084 184 1150 Sed
210 1087 377 1169 nimirum,
405 1108 486 1168 quae
510 1089 585 1149 sunt
610 1086 644 1148 in
667 1108 764 1148 manu
791 1085 973 1169 hominum,
997 1090 1029 1150 et
1051 1086 1168 1150 mihis

77 1203 104 1242 10
121 1178 154 1238 et
176 1175 287 1238 multis
311 1175 525 1259 contigerimt,
547 1175 628 1238 illud
651 1196 726 1238 vero
750 1178 787 1238 ut
810 1176 910 1260 apisci
933 1176 1067 1239 arduum
1087 1177 1133 1239 sic

121 1264 219 1337 etiam
247 1286 373 1348 sperare
396 1264 532 1326 nimium
556 1267 618 1347 est,
646 1265 732 1347 quod
760 1263 829 1327 dari
855 1287 921 1329 non
948 1265 1011 1329 nisi
1038 1288 1057 1328 a
1084 1264 1133 1329 dis

120 1356 235 1436 potest.
281 1351 370 1416 Vale.

603 1482 654 1540 IX.

307 1582 334 1629 0.
359 1583 497 1630 1111111
522 1582 697 1630 consumo
721 1582 810 1631 urso
835 1583 901 1630 suo
926 1584 951 1630 s.

80 1700 107 1740 11
190 1671 326 1737 Causam
349 1695 406 1756 per
427 1672 488 1736 hos
512 1672 579 1736 dies
603 1673 685 1737 dixit
702 1671 805 1737 Iulius
823 1672 952 1756 Bassus,
973 1673 1071 1736 homo
1090 1675 1168 1737 la-1

122 1763 270 1826 boriosus
298 1765 330 1825 01
360 1762 500 1825 adversis
533 1763 598 1825 suis
632 1763 744 1825 clarus.
789 1760 968 1826 Accusatus
996 1765 1045 1826 est
1075 1762 1134 1825 sub

121 1851 320 1935 Vespasiano
344 1874 362 1914 a
380 1851 514 1934 privatis
533 1851 667 1934 duobus,
686 1851 726 1913 ad
745 1855 890 1914 senatum
909 1851 1060 1914 remissus
1080 1851 1135 1914 diu

121 1941 287 2025 pependit,
315 1940 443 2002 tandem
472 1939 638 2002 absolutus
666 1940 917 2023 vindicatusque.
962 1939 1072 2003 Titum
1095 1941 1170 2004 tia

122 2032 205 2093 muit
228 2033 265 2092 ut
287 2027 466 2092 Domitiani
489 2029 620 2111 amicus,
641 2050 660 2091 a
680 2027 866 2093 Domitiano
890 2030 1049 2115 relegatus
1073 2032 1135 2112 est3

82 2145 108 2184 1ο
122 2122 290 2182 revocatus
318 2140 336 2180 a
363 2115 471 2180 Nerva
498 2118 694 2200 sortitusque
724 2117 911 2202 Bithyniam
938 2119 1033 2182 rediit
1062 2140 1135 2182 reus

122 2211 290 2272 accusatus
318 2227 384 2268 non
411 2207 517 2270 minus
545 2208 661 2270 acriter
688 2229 784 2289 quam
812 2208 950 2271 fideliter
977 2208 1135 2271 defensus.

123 2296 237 2361 Varias
262 2295 436 2359 sententias
459 2295 582 2378 habuit,
605 2297 712 2378 plures
736 2299 844 2359 tamen
868 2297 959 2379 quasi
982 2297 1135 2359 mitiores.

122 2386 202 2472 Egit
225 2388 336 2450 contra
359 2406 432 2447 eum
455 2383 654 2467 Pomponius
677 2384 791 2467 Rufus,
809 2386 859 2448 vir
880 2388 1010 2468 paratus
1029 2388 1062 2448 et
1084 2407 1135 2447 ve·
1155 2400 1171 2447 3

122 2476 269 2556 hemens3
297 2472 382 2536 Rufo
412 2475 564 2537 successit
591 2472 812 2556 Theophanes,
839 2495 921 2537 unus
950 2496 989 2536 01
1011 2474 1137 2557 legatis,

83 2564 179 2628 asfax
203 2563 415 2627 accusationis
439 2565 471 2625 01
495 2564 594 2647 origo.
640 2562 804 2645 Respondi
831 2583 900 2647 ego.
945 2560 1030 2626 Nam
1056 2560 1172 2624 mihin

48 2724 51 2730 ‚
125 2651 244 2715 Bassus
277 2653 471 2733 iniunxerat,
504 2654 540 2714 ut
572 2652 672 2714 totius
705 2651 898 2714 defensionis
929 2651 1137 2714 fundamenta

125 2743 271 2824 iacerem,
294 2741 431 2804 dicerem
460 2741 498 2803 de
527 2741 721 2804 ornamentis
750 2741 825 2823 suis,
854 2762 934 2823 quae
962 2740 1011 2803 illi
1038 2743 1070 2802 et
1098 2762 1137 2802 01

126 2831 251 2916 generis
285 2830 429 2894 claritate
463 2832 494 2891 01
527 2851 566 2891 01
597 2830 747 2912 periculis
780 2830 857 2913 ipsis
889 2851 1007 2914 magna
1038 2831 1138 2911 erant,

126 2921 263 2984 dicerem
288 2919 326 2981 de
350 2918 586 3001 conspiratione
610 2918 798 3001 delatorum,
821 2940 917 3001 quam
945 2919 980 2980 in
1002 2921 1173 3001 quaestus

85 3008 298 3090 rehabebant,
317 3007 454 3070 dicerem
473 3027 594 3088 causas,
613 3006 729 3088 quibus
747 3007 1009 3071 factiosissimum
1030 3029 1138 3090 quem-

126 3100 248 3180 quent
272 3098 363 3159 illum
387 3096 493 3178 ipsum
516 3094 734 3178 Theophanen
757 3096 949 3159 offendisset.
990 3095 1138 3159 Eundem

125 3209 177 3250 me
191 3187 338 3250 voluerat
353 3205 516 3249 occurrere
531 3184 667 3266 crimini,
686 3206 749 3266 quo
769 3185 907 3248 maxime
925 3184 1138 3268 premebatur.

125 3273 165 3338 In
188 3275 259 3338 aliis
283 3274 368 3337 enim
393 3274 538 3356 quamvis
562 3273 673 3335 auditu
697 3274 896 3357 gravioribus
924 3295 990 3336 non
1012 3273 1138 3337 absolu·

126 3365 248 3427 tionem
281 3362 392 3445 modo,
422 3384 534 3425 verum
567 3363 663 3425 etiam
695 3362 822 3426 laudem
855 3362 1049 3444 merebatur,
1076 3359 1173 3424 hocs

199 3527 214 3574 ὁ
243 3520 272 3573 in
295 3522 402 3588 Fpro,
426 3536 477 3573 om.
500 3520 567 3584 rell„
590 3520 628 3573 K.
742 3525 757 3573 8
785 3519 892 3588 possim
911 3519 1032 3587 FDpa,
1052 3519 1138 3583 KH,

126 3608 237 3661 possem
257 3593 294 3645 M
302 3593 359 3655 Vs,
379 3590 446 3644 K.I.
