2506 3862
129 213 196 280 214
260 201 263 207 '
566 211 711 268 1111111

129 378 186 461 qui
207 377 360 443 fratribus
383 377 448 442 illis
472 378 564 461 quasi
585 377 653 441 fato
678 377 802 459 datum,
829 379 866 440 ut
889 376 1004 440 divites
1027 376 1141 441 fierent

128 458 336 532 invitissimis
353 468 405 550 iis,
428 490 447 531 a
465 466 583 550 quibus
601 466 679 531 facti
697 470 781 530 sunt,
811 463 896 542 Quin
915 466 1012 530 etiam
1030 464 1142 529 Domi-

127 557 192 620 tius
215 554 306 639 Afer,
337 557 393 641 qui
415 557 489 620 illos
516 557 551 619 in
574 577 692 620 nomeu
718 555 912 638 adsumpsit,
942 555 1074 638 reliquit
1097 557 1142 618 te-

127 649 324 710 stamentum
356 649 430 710 ante
462 645 572 710 decem
609 648 641 709 et
677 647 750 709 octo
782 666 884 709 annos
920 647 1142 727 nuncupatum

126 734 269 819 adeoque
305 737 418 819 postea
454 733 661 817 inprobatum
701 732 782 816 sibi,
819 738 856 797 ut
891 733 992 817 patris
1030 754 1141 797 eorum
1170 757 1182 797 1

90 839 107 888 6
126 822 211 888 bona
229 823 457 907 proscribenda
476 824 642 887 curaverit,
665 821 748 887 Mira
770 823 859 886 illius
878 823 1041 906 asperitas,
1059 823 1141 886 mira

46 994 49 998 Δ
125 912 263 977 felicitas
285 912 415 996 horum,
447 913 534 977 illius
567 913 736 996 asperitas,
768 912 824 994 qui
855 933 989 976 numero
1022 912 1141 975 civium

126 1002 255 1084 excidit,
278 1022 373 1085 quem
397 1002 520 1066 socium
543 1002 640 1065 etiam
664 1002 698 1064 in
719 1001 829 1065 liberis
852 999 981 1082 habuit,
1003 1001 1141 1064 felicitas

124 1090 255 1173 horum,
269 1091 386 1173 quibus
401 1091 554 1155 successit
567 1092 722 1156 inlocum
735 1091 846 1173 patris,
867 1090 924 1173 qui
941 1092 1066 1173 patrem
1086 1089 1141 1153 ab·

91 1196 106 1244 1
125 1181 267 1244 stulerat.
299 1177 361 1243 Sed
374 1178 454 1244 haec
468 1200 596 1263 quoque
613 1178 774 1244 hereditas
788 1177 861 1243 Afri
879 1182 916 1243 ut
929 1178 1052 1262 reliqua
1067 1200 1141 1243 cum
1156 1204 1182 1244 11

123 1268 222 1332 fratre
246 1269 390 1352 quaesita
412 1268 658 1333 transmittenda
676 1273 767 1332 erant
784 1269 870 1333 filiae
892 1268 1011 1350 fratris,
1036 1291 1055 1331 a
1076 1289 1141 1352 quo

125 1356 239 1421 Tullus
254 1378 293 1421 ex
308 1378 378 1422 asse
387 1357 480 1422 heres
494 1359 663 1422 institutus
678 1358 905 1441 praelatusque
923 1358 1008 1420 filiae
1026 1357 1141 1440 fuerat,

124 1448 161 1509 ut
198 1447 430 1511 conciliaretur.
486 1444 556 1523 Quo
591 1446 785 1511 laudabilius
818 1449 1046 1511 testamentum
1083 1450 1141 1528 est,

125 1535 212 1618 quod
234 1536 345 1619 pietas,
368 1536 456 1619 fides,
478 1536 583 1620 pudor
606 1537 743 1619 scripsit,
766 1537 801 1598 in
824 1557 888 1619 quo
911 1535 1049 1618 denique
1073 1557 1140 1599 om-

124 1623 219 1689 nibus
248 1625 469 1690 adfinitatibus
498 1647 557 1708 pro
586 1626 740 1709 cuiusque
769 1624 876 1689 officio
906 1625 1009 1710 gratia
1038 1625 1140 1688 relata
1155 1648 1180 1689 1⁵

90 1728 106 1776 8
126 1716 183 1797 est,
205 1715 306 1778 relata
329 1720 361 1779 et
383 1715 485 1779 uxori.
530 1712 664 1798 Accepit
687 1714 929 1778 amoenissimas
952 1712 1060 1796 villas,
1089 1735 1141 1777 ac·

125 1804 211 1887 cepit
234 1826 384 1890 magnam
407 1803 576 1887 pecuniam
599 1825 682 1867 uxor
705 1804 827 1888 optima
850 1805 882 1867 11
904 1803 1140 1886 patientissima

125 1913 163 1956 ac
185 1895 276 1956 tanto
299 1893 414 1957 melius
438 1893 569 1957 (111110
592 1893 720 1975 merita,
751 1896 871 1977 quanto
894 1893 998 1977 magis
1022 1896 1070 1956 est
1093 1914 1140 1955 re-

123 1980 293 2064 prehensa,
326 1981 412 2065 quod
439 1983 558 2064 nupsit.
603 1980 689 2046 Nam
717 1982 833 2045 mulier
854 1981 1016 2045 natalibus
1045 1982 1140 2063 clara,

124 2069 268 2134 moribus
290 2070 405 2153 proba,
428 2073 531 2138 aetate
555 2070 700 2153 declivis,
723 2071 779 2134 diu
801 2070 912 2153 vidua,
935 2074 1038 2134 mater
1060 2070 1139 2133 olim
1154 2095 1180 2135 11

123 2179 237 2240 parum
269 2158 382 2223 decore
415 2163 523 2223 secuta
554 2160 796 2224 matrimonium
828 2158 997 2223 videbatur
1027 2159 1137 2223 divitis

125 2247 209 2311 senis
239 2247 285 2311 ita
307 2247 424 2331 perditi
451 2248 579 2331 morbo,
610 2252 647 2312 ut
675 2270 743 2312 esse
769 2249 875 2313 taedio
903 2251 1013 2332 posset
1036 2249 1140 2331 uxori,

89 2350 105 2399 9
125 2357 222 2419 quam
236 2337 359 2402 iuvenis
378 2358 536 2420 sanusque
555 2337 707 2402 duxisset.
731 2335 857 2421 Quippe
872 2337 1022 2402 omnibus
1040 2359 1139 2400 mem-

124 2425 190 2490 bris
214 2429 359 2491 extortus
382 2425 556 2491 attractus
580 2430 686 2490 tantas
710 2447 786 2509 opes
809 2427 887 2491 solis
906 2426 1007 2491 oculis
1028 2426 1140 2491 obibat

124 2535 162 2578 ac
184 2537 224 2580 ne
248 2516 282 2579 in
298 2516 418 2580 lectulo
442 2514 571 2599 quidem
590 2516 653 2580 nisi
671 2514 712 2579 ab
731 2516 803 2579 aliis
822 2516 1020 2580 movebatur.
1053 2512 1139 2591 Quin
1153 2539 1179 2580 sa

124 2605 221 2668 etiam
245 2601 389 2690 (foedum
411 2605 691 2688 miserandumque
714 2602 816 2690 dictu)
845 2604 957 2668 dentes
984 2604 1139 2669 lavandos

123 2692 348 2778 fricandosque
370 2694 551 2777 praebebat.
595 2686 754 2758 'Auditum
781 2693 965 2777 frequenter
992 2716 1031 2757 ex
1058 2694 1140 2776 ipso,

125 2803 199 2845 cum
222 2786 407 2864 quereretur
428 2783 468 2846 de
491 2784 694 2847 contumeliis
713 2782 890 2846 debilitatis
909 2803 995 2864 suae,
1018 2782 1138 2868 digitos

73 2885 107 2934 10
126 2891 160 2933 se
178 2890 342 2935 servorum
362 2894 492 2936 suorum
517 2872 634 2936 cotidie
656 2872 787 2956 lingere.
817 2870 957 2935 Vivebat
975 2875 1084 2935 tamen
1107 2875 1140 2934 et

125 2959 232 3023 vivere
255 2960 384 3024 volebat
407 2965 607 3025 sustentante
625 2962 763 3025 maxime
779 2981 888 3043 uxore,
911 2981 992 3044 quae
1012 2962 1139 3045 culpam
1154 2986 1180 3025 11

126 3045 269 3110 inchoati
290 3050 488 3115 matrimonii
511 3050 546 3114 in
570 3050 706 3136 gloriam
728 3050 965 3132 perseverantia
992 3053 1139 3114 verterat.

78 3151 112 3200 11
194 3133 302 3201 Habes
327 3159 436 3202 omnes
454 3138 581 3203 fabulas
600 3139 704 3223 urbis3
727 3161 802 3202 nam
822 3142 897 3202 sunt
921 3161 1032 3203 omnes
1049 3139 1141 3203 fabu-

125 3225 176 3288 lae
199 3223 320 3289 Tullus.
359 3225 558 3311 Expectatur
581 3229 696 3292 auctio.
737 3226 814 3291 Fuit
837 3229 922 3291 enim
946 3231 1013 3292 tam
1032 3229 1139 3312 copio-

126 3335 191 3397 sus,
209 3319 246 3379 ut
265 3315 481 3399 amplissimos
504 3316 617 3381 hortos
641 3317 761 3398 eodem,
785 3337 848 3400 quo
870 3321 1000 3399 emerat,
1023 3318 1075 3382 die
1093 3318 1139 3380 in-

125 3405 278 3469 struxerit
296 3405 445 3488 plurimis
465 3409 497 3469 et
515 3405 748 3488 antiquissimis
767 3405 889 3469 statuis.
932 3403 1071 3470 Tantum
1091 3407 1139 3470 illi
1153 3431 1179 3471 11

164 3594 244 3647 2111
260 3600 330 3655 add.
410 3608 428 3658 4
450 3604 517 3659 0010
539 3605 570 3660 et
588 3602 694 3659 decem
712 3621 741 3658 c.
