2506 3862
302 248 304 253 -
387 213 642 270 PANEGYRICUS
662 219 704 270 84.
715 219 823 269 2—86.
835 229 854 270 e.
1064 211 1128 278 373

103 379 235 475 inique,
258 383 367 463 potest
389 383 498 444 tamen
521 379 595 444 odio
619 400 772 443 essenon
789 378 896 463 nuHis,
915 379 1041 443 etiamsi
1060 380 1129 463 ipse

117 490 183 532 non
206 469 322 552 oderit,
346 469 455 551 amari,
477 468 540 532 nisi
563 469 632 551 ipse
655 471 749 552 amet,
770 489 838 532 non
860 471 974 552 potest.
1010 467 1128 554 Diligis
1148 488 1164 535 1

117 579 203 642 ergo,
227 579 299 622 cum
324 558 476 643 diligaris,
500 558 589 621 etin
612 578 659 641 eo,
682 556 770 640 qnod
787 557 950 640 utrimque
971 556 1129 622 honestis·

118 648 234 711 simum
265 650 323 730 est,
354 651 424 711 tota
454 648 557 733 gloria
586 650 642 710 tua
672 650 734 731 est,
764 647 820 729 qui
850 647 996 730 superior
1024 646 1129 712 factus

90 737 281 804 sdescendis
305 737 340 799 in
363 737 470 800 omnia
492 735 719 800 familiaritatis
747 735 855 801 officie
878 739 911 799 et
933 735 967 798 in
990 734 1129 799 amicum

117 847 157 889 ex
180 827 371 909 imperatore
400 825 611 907 submitteris,
637 825 736 888 immo
760 829 838 889 tunc
865 824 1004 888 maxime
1031 824 1130 908 impe

116 917 213 999 rator,
237 936 311 980 cum
334 915 473 979 amicum
499 915 577 999 agis.
613 913 753 998 Etenim,
780 936 853 979 cum
880 914 1028 997 plurimis
1052 913 1129 977 ami·
1149 934 1164 982 6

118 1004 202 1068 citiis
224 1004 355 1068 fortuna
377 1004 560 1088 principum
579 1003 729 1087 indigeat,
752 1004 959 1087 praecipuum
978 1007 1027 1067 est
1044 1003 1130 1087 prin-

118 1093 197 1176 cipis
229 1115 309 1177 opus
340 1094 459 1157 amicos
489 1113 610 1177 parare.
646 1091 775 1156 Placeat
803 1092 865 1156 tibi
895 1113 1020 1176 semper
1051 1091 1163 1160 haser

78 1186 214 1266 resecta,
238 1185 270 1246 et
294 1202 367 1245 cum
389 1181 529 1264 reliquas
548 1182 683 1246 virtutes
702 1186 773 1245 tuas
793 1185 862 1245 tum
881 1181 965 1245 hanc
983 1185 1129 1245 constan·

96 1271 240 1335 tissime
262 1275 381 1354 teneas,
404 1293 463 1336 nec
486 1292 640 1353 umquam
664 1270 726 1334 tibi
753 1271 981 1354 persuadeatur
1007 1269 1131 1334 humile

118 1383 187 1425 esse
209 1361 348 1444 principi
372 1360 435 1423 nisi
459 1361 572 1424 odisse.
613 1358 882 1423 Iucundissimum
905 1363 955 1424 est
978 1361 1011 1423 in
1033 1359 1129 1423 rebus

117 1449 266 1512 humanis
282 1450 392 1533 amari,
407 1448 463 1513 sed
478 1471 545 1513 non
558 1449 664 1513 minus
683 1470 797 1512 amare.
830 1447 973 1523 Quorum
991 1452 1130 1531 utroque

116 1539 163 1601 ita
189 1538 319 1622 frueris,
341 1542 391 1622 ut,
420 1561 492 1604 cum
521 1539 590 1622 ipse
620 1537 842 1602 ardentissime
870 1538 994 1623 diligas,
1026 1537 1130 1601 adhuc

78 1655 103 1694 15
117 1632 226 1691 tamen
257 1628 420 1692 ardentius
452 1628 611 1714 diligaris,
642 1628 782 1710 primum
815 1629 891 1710 quia
921 1627 1048 1691 facilius
1081 1630 1164 1693 ests

117 1737 216 1779 unum
232 1738 337 1781 amare
357 1739 453 1801 quam
472 1718 602 1801 multos,
617 1716 730 1780 deinde
750 1717 825 1799 qnia
843 1717 904 1780 tibi
922 1716 1041 1780 amicos
1055 1718 1129 1780 tuos

118 1805 284 1890 obligandi
306 1806 396 1869 adest
419 1807 555 1871 facultas
578 1809 677 1889 tanta,
704 1809 741 1870 ut
763 1827 858 1869 nemo
881 1809 914 1869 te
936 1805 1040 1889 possit
1067 1804 1130 1868 nisi

117 1895 263 1979 ingratus
283 1917 349 1959 non
366 1896 470 1980 magis
489 1917 603 1959 amare.
637 1892 759 1979 Operae
776 1896 917 1978 pretium
936 1898 985 1959 est
1002 1895 1182 1979 referre,86

118 1984 204 2066 quod
221 1987 418 2048 tormentum
437 1983 498 2048 tibi
517 1985 702 2067 iniunxeris,
720 2006 760 2048 ne
779 1984 857 2066 quid
871 1984 973 2048 emico
988 2005 1129 2069 negares.

78 2100 103 2139 1ο
118 2071 279 2137 Dimisisti
308 2073 467 2157 optimum
495 2074 599 2137 virum
627 2073 751 2156 tibique
779 2073 978 2138 carissimum
1010 2073 1129 2137 invitus

118 2165 150 2225 et
163 2163 274 2245 tristis,
288 2165 320 2225 11
334 2162 426 2245 quasi
440 2163 577 2226 retinere
595 2182 661 2226 non
676 2183 797 2246 posses.
830 2160 992 2236 Quantum
1006 2183 1130 2226 amares

118 2273 200 2333 eum,
215 2251 369 2315 desiderio
386 2256 535 2335 expertus
554 2273 587 2315 es
607 2250 776 2316 distractus
796 2255 1034 2335 separatusque,
1054 2251 1130 2315 dum

119 2340 203 2404 cedis
218 2343 250 2403 11
267 2341 412 2404 vinceris.
444 2339 504 2423 Ita,
523 2341 609 2423 quod
626 2340 724 2404 fundo
744 2340 933 2424 inauditum,
952 2362 1024 2404 cum
1043 2341 1163 2424 prin-2

119 2450 193 2513 ceps
216 2433 249 2493 et
270 2430 426 2513 principis
449 2431 571 2495 amicus
595 2429 719 2493 diversa
741 2429 877 2513 velletis,
899 2430 933 2493 id
955 2429 1063 2513 potius
1084 2430 1130 2493 ta·

78 2544 103 2583 rs
119 2522 206 2582 ctum
230 2523 287 2601 est,
310 2519 397 2603 quod
420 2520 542 2583 amicus
565 2519 702 2582 volebat.
740 2516 767 2582 0
790 2540 858 2582 rem
881 2519 1054 2582 memoriae
1076 2519 1129 2582 lit·

118 2608 259 2690 terisque
295 2607 524 2671 mandandum!
561 2609 758 2691 praefectum
794 2608 954 2691 praetorio
987 2629 1053 2671 non
1090 2630 1130 2672 ex

116 2696 336 2780 ingerentibus
360 2718 402 2780 se,
426 2697 482 2760 sed
505 2718 544 2760 ex
568 2696 829 2760 subtrahentibus
852 2698 957 2782 legere
980 2696 1129 2760 eundem-

118 2806 179 2867 que
203 2786 280 2869 oti0,
303 2785 390 2868 quod
412 2785 620 2869 pertinaciter
642 2789 736 2869 umet,
758 2785 897 2870 reddere,
926 2807 1062 2868 cumque
1085 2786 1129 2849 sis

118 2873 185 2957 ipse
205 2873 362 2938 distentus
381 2876 509 2958 imperii
528 2876 622 2959 curis,
638 2897 704 2939 non
723 2875 840 2957 quietis
859 2876 962 2960 gloria
978 2876 1129 2958 cuiquam

77 2989 102 3029 ee
116 2963 267 3026 invidere.
303 2961 534 3050 Intellegimus,
559 2962 682 3048 Caesar,
701 2969 856 3046 quantum
880 2963 941 3027 tibi
959 2985 1017 3048 pro
1041 2964 1129 3027 labo·
1147 2981 1163 3028 3

189 3109 202 3156 1
228 3103 344 3174 [potest]
363 3105 458 3156 tamen
477 3104 578 3157 Baebr.
658 3109 673 3156 6
696 3103 894 3171 imperatorem
913 3104 998 3170 ΚΠ,
1018 3103 1129 3170 Baete,

116 3175 312 3244 imperatores
327 3175 421 3228 Licin.
475 3181 508 3228 10
526 3174 649 3242 reliquas
665 3175 701 3239 R,
716 3175 798 3229 K.II
805 3175 875 3242 (iad.
882 3192 912 3243 p.
921 3175 1006 3242 XII),
1017 3175 1128 3240 Baebr,

117 3246 188 3300 alias
207 3247 278 3317 culp.
362 3251 393 3298 11
417 3246 472 3300 tibi
491 3247 526 3312 R,
546 3247 632 3312 KH,
652 3247 762 3312 Baebr,
782 3263 832 3300 om.
851 3253 908 3300 cett.
991 3246 1128 3298 11111111

117 3317 169 3370 fac.
180 3318 300 3383 11111111,
311 3317 431 3372 Sabaeis
441 3335 471 3386 p.
482 3321 517 3371 30
521 3338 532 3384 ;
541 3334 564 3371 e.
576 3318 613 3371 K.
624 3317 682 3370 ind.
694 3318 785 3385 p.IX.
842 3323 874 3369 21
890 3317 1081 3385 quantumque
1092 3317 1128 3383 R,

117 3390 234 3456 Baebr.;
251 3406 275 3443 e.
291 3390 328 3443 K.
343 3390 402 3442 iad.
412 3389 468 3442 IX.
532 3393 565 3441 27
585 3403 619 3441 11
633 3389 669 3453 R,
685 3389 770 3453 KH,
790 3388 900 3454 Baetem,
920 3404 935 3441 e
953 3390 1026 3458 culp.
1094 3393 1127 3441 19

37 3469 41 3479 “
118 3459 220 3526 quietis
239 3460 360 3530 gratiam
383 3460 474 3515 ‘uellet
492 3460 523 3513 ia
541 3460 617 3513 codd.
639 3461 676 3513 M
679 3459 731 3514 SS.
750 3460 904 3528 reperisset’
928 3459 1070 3518 Seleucus,
1082 3475 1141 3505 em,

116 3531 225 3596 Baehr,
238 3530 331 3601 gloria
344 3549 420 3588 unus
435 3532 513 3588 Kelle‘
526 3532 554 3601 d,
567 3533 657 3599 K.II,
671 3529 800 3602 gloriam
810 3531 890 3597 cutq.
916 3527 966 3588 Qt.
978 3521 1171 3586 ctam-“5²⁴³

105 3601 232 3668 Ilm-2,
246 3606 292 3656 20.
304 3609 330 3673 e,
345 3607 437 3663 Jrrs.
448 3612 478 3677 2,
497 3608 664 3675 vireas,
680 3605 838 3667 11111,
853 3595 930 3651 neu
944 3580 1158 3650 ussum—⁹³·
