2506 3862
151 217 214 283 192
583 214 612 269 o.
631 214 729 268 Pnuu

149 384 211 462 tus,
235 401 315 462 quae
339 380 464 463 saepius
487 401 506 442 a
528 378 658 442 fortuna
681 400 777 462 quam
801 401 820 442 a
842 378 960 442 iudicio
983 377 1164 462 proficisce-

149 472 273 552 rentur3
295 469 435 532 maxime
457 473 566 533 tamen
588 466 711 532 hicme
733 468 848 532 titulus
866 467 1043 549 admonuit,
1066 487 1164 549 quam

152 561 258 622 essent
276 557 406 622 mimica
425 561 457 621 et
471 558 588 641 inepta,
607 578 688 640 quae
707 557 867 620 interdum
887 557 921 620 in
938 556 1001 620 hoc
1020 576 1164 638 caenum,

151 647 185 711 in
207 647 265 711 has
294 647 402 711 sordes
429 646 643 729 abicerentur,
675 667 756 729 quaa
785 645 921 728 denique
949 646 1003 710 ille
1032 644 1165 710 furcifer

151 740 183 800 et
205 736 345 820 recipere
368 756 463 800 ausus
487 738 536 800 est
557 739 596 799 'et
622 756 767 801 recusare
794 737 890 817 atqua
917 735 1014 798 etiam
1038 737 1074 797 ut
1097 755 1166 798 mo-
1194 759 1207 800 s

115 825 324 892 4derationis
353 825 535 909 exemplum
565 825 702 908 posteris
733 824 875 908 prodere.
922 821 985 887 Sed
1013 823 1090 905 quid
1117 823 1164 886 in-

151 914 289 1000 dignor?
311 912 428 977 Ridere
452 914 561 996 satius,
583 936 624 978 ne
648 935 681 978 se
704 934 857 999 magnum
881 912 1003 996 aliquid
1031 912 1164 996 adeptos

151 1006 275 1088 putent,
294 1003 350 1086 qui
363 1003 428 1068 huc
440 1002 594 1067 felicitate
606 1003 806 1087 perveniunt,
823 1005 861 1065 ut
878 1002 1050 1065 rideantur.
1073 1000 1163 1065 Vale.

612 1149 702 1208 XXX.

397 1249 426 1298 o.
448 1250 587 1298 numios
612 1249 780 1297 onurroru
803 1249 869 1297 suo
894 1249 919 1296 s.
1180 1259 1207 1299 ιο

118 1357 132 1405 1
219 1339 394 1423 Torqueor,
417 1340 504 1423 quod
522 1340 724 1423 discipulum,
741 1344 778 1403 ut
797 1339 918 1423 scribis,
938 1340 1078 1423 optimae
1097 1339 1167 1423 spei

153 1429 303 1512 amisisti,
327 1429 417 1494 cuius
441 1432 473 1493 et
495 1429 677 1493 valetudine
701 1433 733 1493 et
756 1433 859 1494 morte
882 1427 1037 1512 impedita
1059 1428 1166 1493 studia

153 1522 210 1582 tua
233 1518 345 1601 quidni
368 1517 491 1583 sciam?
523 1539 596 1581 curn
620 1518 663 1582 sis
687 1519 831 1583 omnium
855 1518 1035 1583 officiorum
1060 1517 1166 1583 obser-

152 1607 372 1690 vautissimus,
403 1628 539 1690 cumque
562 1628 686 1690 omncs,
712 1628 792 1691 quos
815 1606 946 1691 probas,
975 1606 1166 1673 effusissime

118 1696 277 1783 adiligas.
323 1695 377 1760 Mo
402 1695 467 1759 huc
495 1716 622 1779 quoque
644 1697 766 1760 urbana
795 1697 925 1783 negotia
947 1699 1165 1779 persecuntur.
1180 1723 1207 1764 15

152 1783 230 1851 Non
252 1786 367 1850 desunt
389 1785 489 1867 enim,
519 1785 573 1867 qui
601 1807 653 1849 me
682 1785 820 1850 iudicem
849 1789 906 1850 aut
934 1785 1090 1849 arbitrum
1121 1785 1167 1849 fa-

118 1891 135 1939 3
153 1875 248 1940 ciant.
280 1872 447 1939 Accedunt
466 1874 624 1956 querellae
642 1875 844 1954 rusticorum,
868 1874 924 1957 qui
941 1875 1072 1938 auribus
1086 1874 1166 1938 meis

153 1968 228 2048 post
254 1965 389 2049 longum
421 1966 548 2046 tempus
581 1985 639 2028 suo
672 1965 740 2028 iure
768 1964 952 2027 abutuntur.
998 1961 1102 2027 Instat
1134 1967 1167 2027 et

153 2053 326 2116 necessitas
345 2073 495 2138 agrorum
513 2053 722 2117 locandorum
740 2074 895 2136 perquam
913 2053 1057 2117 molesta.
1075 2050 1166 2135 Adeo

119 2156 262 2205 4rarum
292 2144 341 2205 est
371 2140 514 2204 invenire
547 2142 678 2206 idoncos
708 2141 926 2206 conductores.
972 2138 1095 2216 Quibus
1128 2164 1167 2205 ex
1181 2167 1208 2208 ro

155 2230 259 2296 causis
285 2231 429 2314 precario
453 2230 580 2314 studeo,
612 2231 724 2295 studeo
753 2233 875 2315 tamen3
906 2252 981 2294 nam
1005 2234 1037 2294 et
1060 2231 1167 2295 scribo

155 2319 277 2402 aliquid
295 2322 327 2383 et
344 2320 433 2404 lego,
456 2319 520 2402 sed,
543 2339 616 2383 cum
633 2322 718 2405 lego,
741 2341 780 2383 ex
803 2320 1030 2403 conparatione
1053 2319 1167 2403 sentio,

156 2431 252 2492 quam
285 2409 369 2473 male
401 2409 549 2492 scribam,
580 2409 657 2473 licet
688 2412 725 2472 tu
756 2407 838 2471 mihi
869 2408 991 2472 bonum
1023 2408 1166 2472 animum

155 2498 269 2582 facias,
302 2498 357 2581 qui
387 2498 513 2561 libellos
543 2519 632 2562 meos
661 2498 699 2561 de
729 2497 852 2560 ultione
874 2495 1005 2561 Helvidi
1028 2497 1167 2562 orationi

121 2586 382 2652 oDemosthenis
405 2587 488 2651 κατὰ
511 2587 657 2651 Μειδίου
681 2586 819 2669 confers,
851 2608 946 2669 quam
971 2608 1061 2668 sane,
1094 2607 1166 2650 cum
1181 2611 1207 2652 aa

156 2675 610 2850 sstfflllttd‘zlltt
627 2675 943 2850 ..ttfflfllttt
969 2677 1168 2828 tratti

934 2813 943 2846 7

156 2852 300 2917 imitarer
322 2856 354 2916 et
377 2873 540 2936 sequerer,
568 2857 724 2936 quantum
751 2857 807 2917 aut
835 2853 1001 2917 diversitas
1024 2853 1167 2938 ingenio-

156 2963 242 3023 rum,
270 2941 402 3005 maximi
426 2945 459 3005 et
481 2941 621 3025 minimi,
648 2945 704 3005 aut
727 2964 840 3007 causae
863 2941 1089 3006 dissimilitudo
1113 2965 1168 3026 pa-

157 3033 285 3094 teretur.
331 3029 419 3094 Vale.
1182 3056 1209 3098 ³0

610 3123 708 3183 XXXI

406 3223 433 3271 Ο.
456 3225 594 3272 PLINIUS
620 3224 783 3273 CORNUTO
808 3223 873 3272 SUO
897 3224 923 3272 S.

124 3330 138 3378 1
225 3311 376 3378 Claudius
398 3312 503 3379 Pollio
527 3315 628 3380 amari
657 3338 676 3380 a
698 3319 731 3379 tc
753 3315 842 3398 cupit
865 3314 981 3400 dignus
1003 3314 1066 3380 hoc
1088 3315 1169 3399 ipso,

159 3403 245 3484 quod
268 3405 366 3486 cupit,
389 3403 511 3486 deinde,
533 3404 620 3487 quod
642 3404 711 3488 ipse
733 3407 766 3468 te
789 3403 904 3489 diligit.
949 3401 1063 3487 Neque
1082 3404 1167 3469 enim

206 3545 224 3588 4
248 3540 281 3592 in
300 3544 368 3598 add.
388 3544 506 3617 Dpra,
526 3563 581 3603 om.
603 3547 649 3616 M,
669 3546 709 3602 K.
796 3547 832 3598 ll)
852 3541 911 3596 lioc
926 3543 1027 3604 Mor,
1041 3548 1182 3609 prosumo

110 3608 205 3659 semel
215 3609 256 3661 B
270 3613 371 3672 Vlea
384 3623 413 3674 1.
494 3626 531 3676 33
552 3619 640 3680 Polio
662 3638 698 3678 ea
714 3619 753 3676 M
765 3616 843 3684 X.I;
863 3615 902 3670 od
920 3629 950 3681 1>-
960 3616 1007 3666 21.
1016 3614 1062 3663 28.
