2506 3862
582 211 610 267 Ο.
629 212 727 266 PLINI

597 381 706 440 XXIII.

293 480 321 530 c.
344 481 484 530 PLINIUS
509 482 646 530 sinino
670 479 875 530 Paosocaao
900 480 965 529 suo
989 479 1015 527 s.

112 590 126 637 1
214 570 343 638 Gaudeo
367 573 497 655 quidem
520 594 588 636 esse
615 576 648 637 te
674 575 742 636 tam
764 571 895 655 fortem,
926 574 964 634 ut
985 566 1163 636 Mediolani

147 683 311 727 occurrere
342 660 453 726 Tironi
484 662 598 746 possis,
631 660 686 725 sed
718 665 754 724 ut
783 682 964 744 perseveres
996 681 1064 724 esse
1091 663 1161 724 tam

145 751 253 834 fortis,
285 772 379 836 rogo,
411 772 451 815 ne
478 750 539 814 tibi
567 753 677 816 eontra
699 750 856 814 rationem
886 748 999 813 aetatis
1032 751 1161 813 tantum
1190 776 1203 817 s

144 841 265 905 laboris
288 840 445 924 injungas.
491 837 576 915 Quin
607 840 706 903 irnmo
738 838 905 921 denuntio,
936 841 974 901 ut
1006 837 1099 902 illum
1128 842 1161 902 et

146 929 234 993 domi
257 933 290 993 et
311 930 396 992 intra
419 928 550 992 domum
564 933 661 1012 atque
684 928 781 992 etiam
799 929 883 992 intra
902 926 1042 991 cubiculi
1060 927 1161 991 limen

111 1033 126 1080 2
146 1022 302 1102 expectes.
347 1016 491 1101 Etenim,
514 1039 587 1082 cnm
610 1040 629 1081 a
652 1039 703 1081 me
726 1021 762 1081 ut
778 1016 883 1084 ,frater
906 1015 1071 1102 diligatur,
1093 1037 1161 1081 non

146 1107 241 1171 debet
262 1107 302 1170 ab
326 1128 374 1188 eo,
397 1127 492 1189 quem
516 1127 576 1192 ego
599 1106 740 1191 parentis
762 1106 834 1171 loco
858 1106 1006 1187 observo,
1034 1105 1161 1191 exigere

147 1196 298 1279 officium,
321 1196 408 1278 quod
430 1197 555 1279 parenti
578 1217 636 1259 suo
659 1195 842 1259 remisisset.
887 1194 976 1258 Vale.
1176 1223 1203 1263 ro

600 1359 706 1418 XXIV.

409 1459 437 1508 c.
460 1461 600 1509 numius
625 1459 758 1508 camno
783 1461 848 1508 suo
873 1460 899 1508 s.

113 1571 127 1618 1
213 1548 378 1615 Ummidia
392 1549 590 1627 Quadratilla
603 1552 701 1635 paulo
715 1552 822 1614 minus
837 1551 1057 1636 octogensimo
1075 1554 1161 1614 aeta-

146 1639 188 1703 tis
220 1662 304 1705 anno
337 1641 472 1704 decessit
503 1661 605 1723 usque
636 1640 677 1703 ad
708 1641 915 1704 novissimam
942 1639 1160 1704 valetudinem

145 1728 257 1793 viridis
275 1734 371 1813 atque
390 1731 487 1794 etiam
505 1731 590 1794 ultra
608 1730 818 1793 matronalem
837 1729 969 1794 modum
989 1732 1158 1813 compacto
1174 1755 1201 1795 ιε

111 1837 279 1902 acorpore
302 1824 334 1883 et
356 1819 497 1883 robusto.
534 1817 679 1883 Decessit
701 1818 927 1882 honestissimo
950 1821 1159 1902 testament03

146 1908 277 1990 reliquit
307 1907 439 1972 heredes
475 1930 514 1972 ex
546 1908 637 1972 besse
669 1912 833 1990 nepotem,
869 1929 909 1970 ex
940 1908 1038 1970 tertia
1066 1910 1158 1990 parte

146 1999 284 2079 neptem.
329 1994 468 2080 Neptem
492 2019 605 2079 parum
628 1998 713 2080 novi,
736 2000 886 2080 nepotem
909 1995 1159 2060 familiarissime

148 2083 261 2168 diligo,
283 2084 518 2149 adulescentem
543 2086 736 2170 singularem
760 2105 820 2148 nec
842 2085 881 2148 iis
904 2088 1046 2168 tantum,
1076 2106 1158 2167 quos

112 2192 127 2238 3
148 2173 302 2258 sanguine
324 2174 465 2258 attingit,
487 2175 571 2238 inter
594 2175 791 2258 propinquos
815 2173 995 2237 amandum.
1028 2171 1078 2236 Ac
1094 2173 1159 2257 pri-
1174 2199 1202 2239 ao

147 2284 235 2324 mum
264 2262 455 2346 conspicuus
481 2263 586 2326 forma
613 2284 723 2327 omnes
752 2283 912 2326 sermones
942 2263 1159 2348 malignorum

147 2355 179 2414 et
201 2373 281 2434 puer
304 2355 336 2415 et
358 2352 482 2415 iuvenis
505 2352 607 2415 evasit
625 2352 709 2415 intra
728 2355 877 2433 quartum
897 2355 929 2415 et
947 2352 1159 2416 vicensimum

147 2462 266 2503 annum
289 2441 423 2505 maritus
446 2444 491 2523 et,
515 2440 542 2504 si
565 2440 643 2504 deus
666 2440 842 2522 adnuisset,
864 2444 963 2522 pater.
1009 2439 1101 2504 Vixit
1124 2441 1160 2503 in

147 2528 357 2593 contubernio
380 2530 469 2593 aviae
493 2529 645 2594 delicatae
669 2529 867 2593 severissime
886 2532 1044 2592 ettamen
1067 2529 1159 2593 obse-

110 2618 364 2700 4quentissime.
428 2617 577 2683 Habebat
613 2620 669 2682 illa
709 2618 925 2702 pantomimos
965 2617 1159 2700 fovebatque
1175 2643 1201 2683 ss

147 2707 287 2789 effusius,
306 2728 402 2790 quam
416 2708 554 2791 principi
567 2707 704 2771 feminae
720 2706 911 2772 conveniret.
935 2704 1004 2769 Hos
1019 2704 1159 2782 Quadra-

148 2798 201 2858 tus
219 2817 284 2858 non
302 2796 337 2858 in
350 2797 486 2880 theatro,
508 2818 575 2860 non
589 2797 677 2861 domi
696 2797 875 2880 spectabat,
897 2815 957 2859 nec
979 2795 1035 2858 illa
1054 2797 1160 2880 exige·

113 2901 128 2948 o
148 2882 212 2946 bat.
243 2882 364 2949 Audivi
382 2885 494 2969 ipsam,
517 2906 590 2948 cum
609 2886 689 2949 mihi
708 2885 945 2950 commendaret
963 2885 1089 2967 nepotis
1109 2885 1159 2948 sui

148 2972 262 3054 studia,
286 2975 386 3037 solere
410 2995 443 3037 se
465 2976 503 3036 ut
525 2974 677 3039 feminam
704 2975 739 3038 in
761 2975 818 3037 illo
843 2974 909 3038 otio
934 2995 1027 3037 sexus
1050 2973 1159 3037 laxare

147 3061 290 3124 animum
312 3063 386 3125 lusu
410 3062 618 3146 calculorum,
646 3064 747 3128 solere
777 3067 919 3146 spectare
942 3063 1159 3144 pantomimos
1174 3087 1202 3128 eo

148 3170 236 3234 suos,
260 3149 324 3232 sed,
347 3172 420 3215 cum
442 3151 567 3216 factura
585 3156 669 3216 esset
686 3153 885 3234 alterutrum,
909 3173 1035 3234 semper
1053 3172 1086 3215 se
1104 3173 1159 3215 ne-

148 3239 217 3322 poti
232 3260 290 3302 suo
304 3241 511 3324 praecepisse,
529 3242 632 3305 abiret
650 3242 869 3324 studeretque3
893 3240 980 3322 quod
998 3240 1079 3303 mihi
1093 3263 1159 3304 non

148 3349 255 3392 amore
288 3329 355 3392 eius
388 3330 490 3415 magis
519 3329 623 3394 facere
651 3351 747 3413 quam
779 3328 956 3393 reverentia
982 3329 1159 3393 ridebatur.

113 3433 129 3482 6
147 3415 323 3499 Miraberis,
343 3422 374 3481 et
393 3440 452 3502 ego
472 3413 608 3482 miratus
624 3440 704 3483 sum.
731 3417 891 3481 Proximis
910 3417 1159 3482 sacerdotalibus

189 3593 229 3639 26
248 3594 420 3651 conveniret
436 3596 556 3669 Dpra,
580 3596 644 3654 Otto
661 3600 726 3664 304,
745 3592 879 3649 conuenit
900 3593 946 3656 M,
963 3591 1004 3643 K-
