2506 3862
404 205 662 261 EPISTULARUM
682 211 793 261 78-81.
1041 205 1106 271 285

93 372 200 455 legem
222 369 417 454 Pompeiam,
440 373 478 433 ut
500 371 725 455 magistratum
748 370 877 452 quidem
900 391 1013 452 capere
1035 391 1108 453 pos·

95 463 166 524 sent
188 460 225 542 ii,
253 460 309 543 qui
330 481 397 524 non
418 460 558 523 minores
586 459 721 522 duorum
750 463 782 523 et
804 459 922 543 viginti
951 480 1108 524 annorum

95 553 210 632 essent,
234 552 275 630 et,
298 550 355 632 qui
377 549 545 631 cepissent,
567 549 602 611 in
624 551 771 612 senatum
795 549 949 630 cuiusque
968 548 1108 613 civitatis

95 639 306 720 pervenirent.
371 635 520 702 Ceterum
542 656 609 700 non
631 640 726 720 capto
749 639 941 722 magistratu
964 658 1028 722 eos,
1054 638 1109 720 qui

68 728 234 796 emineres
261 726 394 812 triginta
417 748 574 790 annorum
604 727 682 808 sint,
710 727 785 809 quia
812 727 1037 811 magistratum
1061 747 1110 790 ca-

94 839 170 899 pere
193 817 331 899 possint,
359 816 393 879 in
420 816 542 879 curiam
564 815 661 879 etiam
688 816 751 879 loci
780 816 933 900 cariusque
956 837 1023 879 non
1045 816 1110 879 exi·

98 907 195 969 stimo
218 905 284 991 legi
306 925 410 987 posse.

438 1034 569 1096 nxnnr.
593 1028 767 1114 [cxxxv]

294 1133 323 1181 c.
347 1134 486 1182 PLINIUS
511 1135 664 1182 TRAIANO
688 1134 913 1182 rurnsnroar.

56 1255 83 1295 ιο
164 1223 244 1288 Cum
267 1223 388 1289 Prusae
411 1226 451 1288 ad
474 1223 662 1309 Olympum,
686 1225 829 1307 domine,
852 1225 991 1307 publicis
1014 1241 1144 1309 nego-1

97 1315 151 1379 tiis
189 1315 273 1378 intra
308 1313 485 1397 hospitium
526 1315 638 1379 eodem
680 1314 730 1377 die
771 1314 916 1378 exitmus
957 1333 1112 1398 vacarem,

96 1401 304 1486 Asclepiades
341 1404 546 1487 magistratus
586 1403 738 1468 indicarit
771 1403 968 1487 appellatum
1005 1425 1055 1467 me
1093 1424 1111 1466 a

98 1492 230 1557 Claudio
254 1492 425 1575 Eumolpo.
473 1490 553 1556 Cum
577 1489 771 1557 Cocceianus
795 1491 881 1555 Dion
904 1492 939 1554 in
961 1492 1036 1556 bule
1059 1491 1113 1555 ad·

97 1583 217 1666 signari
242 1582 365 1645 civitati
387 1602 482 1665 opus,
514 1582 604 1646 cuius
628 1603 736 1645 curam
761 1585 882 1667 egerat,
905 1581 1018 1662 vellet,
1040 1583 1111 1644 tum

58 1699 84 1740 1s
97 1671 277 1752 Eumolpus
301 1670 474 1734 adsistente
496 1669 608 1735 Flavio
627 1669 794 1754 Archippo
818 1670 900 1733 dixit
923 1670 1111 1753 exigendam

99 1780 167 1823 esse
191 1782 210 1822 a
231 1758 336 1824 Dione
358 1761 515 1823 rationem
539 1760 655 1843 operis,
678 1763 752 1823 ante
776 1781 872 1842 quam
894 1759 941 1822 rei
963 1758 1112 1842 publicae

98 1849 290 1930 traderetur,
320 1849 406 1933 quod
429 1849 522 1912 aliter
543 1849 686 1932 fecisset,
709 1869 746 1912 ac
769 1848 939 1913 debuisset.
985 1845 1112 1911 Adiecit
1131 1863 1146 1910 2

99 1937 196 2000 etiarn
219 1959 287 2001 esse
309 1938 344 2001 in
372 1937 484 2002 eodem
512 1959 606 2022 opere
629 1938 770 2020 positam
793 1941 882 2001 tuam
910 1940 1049 2001 statuam
1080 1939 1113 2000 et

100 2046 234 2108 corpora
248 2027 457 2112 sepultorum,
470 2028 580 2091 uxoris
594 2025 709 2091 Dionis
728 2030 760 2090 et
777 2027 846 2109 filii,
862 2026 1112 2109 postulavitque,

60 2143 86 2182 aa
100 2119 136 2178 ut
160 2135 384 2200 cognoscerem
403 2137 462 2198 pro
486 2116 647 2181 tribunali.
686 2113 778 2191 Quod
797 2137 869 2179 cum
889 2136 948 2200 ego
972 2136 1022 2178 me
1041 2134 1114 2197 pro·
1132 2129 1147 2178 3

100 2206 186 2268 tinus
205 2204 365 2268 factumm
385 2203 622 2289 dilaturumque
641 2204 872 2288 profectionem
895 2203 1058 2290 dixissem,
1077 2207 1114 2267 ut

99 2294 279 2378 longiorem
303 2293 388 2357 diem
411 2293 452 2357 ad
475 2293 694 2358 instruendam
718 2314 846 2358 causam
869 2294 986 2376 darem,
1013 2295 1113 2376 utque

101 2383 136 2446 in
158 2383 221 2446 alia
240 2383 369 2447 civitate
389 2403 623 2469 cognoscerem,
641 2383 743 2467 petiit.
766 2382 839 2467 Ego
858 2405 909 2447 me
929 2381 1149 2446 auditurumr

100 2469 238 2535 Nicaeae
270 2472 428 2554 respondi.
474 2470 540 2536 Ubi
571 2493 640 2536 cum
673 2471 885 2536 consedissem
918 2471 1114 2556 cogniturus,

61 2587 87 2627 as
102 2559 186 2623 idem
209 2560 389 2643 Eumolpus
413 2564 578 2643 tamquam
601 2560 705 2625 adhuc
727 2583 840 2644 parum
870 2561 1045 2624 instructus
1069 2559 1114 2621 di-

101 2649 255 2713 lationem
291 2652 399 2733 petere
436 2649 555 2733 coepit,
592 2653 702 2714 contra
733 2648 834 2732 Dion,
870 2653 907 2713 ut
943 2647 1114 2730 audiretur,

102 2739 237 2822 exigere.
282 2737 377 2802 Dicta
406 2742 481 2803 sunt
503 2739 665 2821 utrimque
692 2739 794 2802 multa
824 2738 920 2802 etiam
949 2738 1149 2802 dacenses

102 2827 174 2911 Ego
194 2847 267 2889 cum
289 2827 426 2891 dandam
442 2827 628 2891 dilationem
648 2828 688 2891 ad
706 2831 738 2890 te
757 2827 987 2891 consulendum
1007 2827 1115 2890 existi-

102 2938 222 2980 marem
255 2916 289 2978 in
320 2938 354 2979 re
386 2917 426 2980 ad
450 2917 631 3000 exemplum
668 2916 855 3000 pertinenti,
887 2916 954 2980 dixi
986 2917 1115 2999 utrique

63 3005 195 3089 asperti,
218 3007 256 3068 ut
277 3005 532 3088 postulationum
556 3027 686 3069 suarum
708 3005 835 3069 libellos
860 3004 979 3069 darent.
1020 3002 1115 3069 Vole-

103 3094 177 3157 bam
210 3094 295 3158 enim
329 3098 360 3158 te
392 3095 536 3178 ipsorum
572 3094 777 3177 potissimum
809 3094 915 3158 verbis
948 3116 998 3177 ca,
1034 3115 1115 3177 quae

103 3187 194 3247 erant
215 3184 389 3267 proposita,
414 3203 613 3268 cognoscere.
645 3183 690 3247 Et
707 3181 795 3246 Dion
818 3182 946 3266 quidem
970 3204 1003 3247 se
1027 3183 1116 3246 dato-

176 3329 191 3375 2
211 3323 236 3377 V
254 3324 390 3394 Na'pperd.
408 3329 440 3378 ut
458 3327 501 3377 79.
511 3326 538 3376 2.
613 3327 645 3376 lo
665 3321 820 3376 adsistente
840 3322 969 3376 Beroald.
988 3339 1015 3387 a,
1030 3321 1116 3388 KH,

104 3393 258 3450 absistente
276 3397 316 3461 A,
342 3394 481 3449 adsistens
506 3394 707 3460 Gataa.,K.1.
808 3398 840 3447 18
865 3392 963 3447 eodem
986 3409 1002 3445 o
1024 3409 1069 3446 ere
1089 3410 1115 3458 a,

105 3465 203 3518 eodem
218 3467 304 3532 ΚΠ,
318 3467 417 3521 aedem
430 3466 467 3532 A,
482 3465 552 3519 aede
567 3465 705 3532 Beroald,
721 3465 791 3518 Κλ,
846 3469 882 3516 ‘rs
899 3463 987 3532 tsita
1019 3480 1064 3511 xxa
1074 3464 1131 3519 K,

102 3536 126 3588 si
150 3553 199 3589 om.
223 3554 254 3603 a,
278 3536 388 3592 scilicet
411 3537 512 3612 Stangl
532 3542 596 3595 679.
687 3543 726 3593 Ἃ
754 3536 846 3589 adte
863 3551 936 3596 sca,
957 3531 993 3580 aa
1008 3529 1054 3585 Α,
1069 3525 1154 3571 *W*

90 3605 229 3674 Seoaefer,
248 3608 320 3677 KJ,
340 3612 372 3665 et
392 3627 471 3668 cons.
489 3615 523 3669 te
545 3614 638 3670 KH.
