2506 3862
148 190 212 254 296
463 189 490 243 O.
510 189 607 243 PLINI
625 188 673 242 ΕΤ
692 187 844 242 TRAIANI

148 349 202 417 cac
217 353 426 437 debebantur,
449 351 488 418 eri
505 355 578 439 lege
596 354 750 437 cuiusque
768 352 1083 418 animadvertendum
1103 357 1162 418 est.

146 438 240 527 Nam,
264 443 332 507 sive
353 444 473 507 habent
495 442 708 528 privilegium,
732 464 798 525 quo
816 444 929 507 ceteris
949 441 1162 508 creditoribus

147 535 396 616 anteponantur,
426 532 669 597 custodiendum
693 535 756 615 est,
788 533 854 596 sive
876 553 943 595 non
964 531 1098 615 habent,
1125 532 1163 596 in

147 621 297 685 iniuriam
321 621 354 684 id
377 622 445 685 dari
469 644 557 685 ame
580 643 647 685 non
670 620 839 704 oportebit.

560 785 617 844 CX.
642 780 745 865 [cxi]
1190 807 1204 848 a

345 888 372 934 ο.
396 886 536 935 Pmnws
561 886 713 934 raamao
738 887 963 934 1MPnRAr0R1.

112 992 126 1039 1
212 977 362 1062 Ecdicus,
377 976 513 1061 domine,
527 974 754 1041 Amisenorum
770 977 908 1040 civitatis
926 977 1056 1060 petebat
1075 976 1163 1060 apud

147 1089 198 1130 me
231 1089 249 1130 a
280 1065 364 1130 Iulio
395 1065 514 1130 Pisone
550 1064 752 1130 denariorum
785 1067 912 1131 circiter
948 1066 1163 1150 quadraginta

146 1156 236 1219 milia
268 1154 386 1219 donata
417 1155 447 1218 ei
477 1156 606 1238 publice
638 1158 712 1218 ante
743 1155 860 1239 viginti
889 1175 990 1218 annos
1022 1153 1098 1218 bule
1128 1159 1162 1218 et

147 1244 280 1309 ecclesia
298 1245 516 1309 consentiente
534 1245 749 1327 utebaturque
761 1244 920 1307 mandatis
944 1244 1019 1326 tuis,
1042 1243 1161 1327 quibus
1177 1269 1205 1310 ro

110 1348 126 1395 2
147 1333 320 1397 eiusmodi
344 1332 532 1398 donationes
551 1336 707 1397 vetantur.
744 1331 820 1397 Piso
840 1336 950 1396 contra
968 1333 1108 1415 plurima
1127 1355 1162 1396 se

147 1423 181 1484 in
207 1444 275 1485 rem
303 1422 466 1505 publicam
495 1421 668 1486 contulisse
696 1441 733 1486 ac
754 1443 855 1505 prope
882 1424 968 1485 totas
990 1422 1162 1486 facultates

147 1532 295 1595 erogasse
327 1511 461 1575 dicebat.
520 1508 669 1576 Addebat
700 1511 797 1574 etiam
829 1511 983 1594 temporis
1020 1511 1161 1594 spatium

146 1600 402 1683 postulabatque,
425 1621 465 1664 ne
489 1599 531 1683 id,
554 1597 641 1683 quo'd
662 1620 721 1683 pro
740 1599 851 1664 multis
870 1603 903 1663 et
922 1600 999 1662 olim
1023 1600 1162 1683 accepis-

147 1692 208 1772 set,
237 1709 309 1754 cum
334 1689 497 1753 eversione
523 1689 666 1772 reliquae
689 1688 855 1774 dignitatis
877 1686 1010 1752 reddere
1033 1709 1203 1773 cogere-1⁶

146 1781 207 1841 tur.
254 1777 377 1854 Quibus
401 1800 440 1841 ex
464 1779 567 1842 causis
590 1779 749 1863 integram
773 1777 990 1864 cognitionem
1015 1777 1162 1842 differen-

147 1867 219 1930 dam
243 1868 437 1950 existimavi,
464 1870 501 1930 ut
524 1870 569 1950 te,
597 1867 739 1950 domine,
767 1867 979 1949 consulerem,
1012 1867 1090 1949 qnid
1114 1889 1161 1930 se-

146 1956 308 2038 quendum
331 1959 470 2038 putares.

547 2083 620 2142 oxi.
645 2079 764 2163 [oxu]

491 2185 664 2232 TRAIANUS
687 2185 816 2232 PLINIO.
1175 2196 1202 2234 20

214 2272 304 2337 Sicut
316 2273 504 2359 largitiones
519 2297 558 2337 ex
576 2274 706 2358 publico
725 2274 795 2338 fieri
809 2274 959 2338 mandata
977 2275 1161 2359 prohibent,

146 2364 204 2445 ita,
227 2384 268 2426 ne
290 2363 467 2426 multorum
490 2364 643 2429 securitas
667 2364 852 2446 subruatur,
881 2363 981 2427 factas
1006 2367 1080 2427 ante
1103 2365 1160 2427 ali-

146 2455 302 2534 quantum
325 2452 478 2535 temporis
496 2453 663 2516 retractari
686 2455 783 2535 atque
800 2453 835 2515 in
852 2452 985 2516 inritum
1004 2453 1160 2517 vindicari

145 2561 212 2603 non
234 2543 369 2625 oportet.
408 2539 571 2625 Quidquid
593 2561 669 2626 orgo
693 2562 734 2604 ex
756 2541 817 2604 hac
841 2560 935 2604 causa
959 2544 1065 2605 actum
1084 2545 1160 2606 ante

52 2692 60 2700 ,
144 2629 263 2713 viginti
285 2651 385 2693 annos
404 2630 474 2712 erit,
497 2631 692 2695 omittamus.
723 2628 801 2693 Non
818 2631 925 2694 minus
948 2631 1033 2693 enirn
1056 2629 1160 2694 homi·
1174 2657 1201 2698 a

145 2718 240 2868 pibus
269 2719 423 2869 clariusque
451 2719 516 2783 loci
545 2740 641 2801 quam
671 2719 825 2802 pecuniae
856 2719 1005 2803 publicae
1035 2721 1160 2783 consul-

161 2828 216 2869 um
240 2827 280 2869 vo
295 2828 322 2870 o.

462 2962 464 2967 .
528 2917 616 2979 cxn.
640 2913 777 2998 [orm]

343 3016 371 3068 (l.
393 3018 533 3066 PLINIUS
558 3018 711 3066 TRAIANO
736 3019 963 3067 IMPERATORI.

110 3121 125 3169 1
211 3105 278 3170 Lex
314 3105 483 3193 Pompeia,
520 3107 661 3192 domine,
698 3131 761 3192 qua
796 3108 932 3192 Bithyni
968 3112 1000 3173 et
1031 3107 1160 3173 Pontici
1173 3137 1201 3177 ao

145 3199 289 3277 utuntur,
313 3218 377 3279 eos,
400 3198 456 3280 qui
479 3199 513 3260 in
536 3199 633 3262 bulen
655 3221 674 3261 a
698 3198 882 3262 censoribus
900 3199 1060 3282 leguntur,
1084 3199 1159 3263 dare

146 3285 313 3366 pecuniam
350 3306 416 3348 non
447 3287 550 3372 iubet3
586 3286 642 3352 sed
677 3287 714 3364 ii,
751 3308 831 3371 quos
868 3287 1068 3371 indulgentia
1104 3291 1160 3352 tua

147 3373 338 3454 quibusdam
362 3374 545 3440 civitatibus
569 3397 664 3460 super
689 3377 871 3462 legitimum
901 3396 1070 3439 numerum
1094 3376 1160 3441 adi·

131 3479 206 3522 cere
220 3464 387 3549 permisit,
412 3466 447 3530 et
468 3465 600 3553 singula
622 3465 714 3531 milia
736 3465 938 3530 denariorum
960 3467 993 3527 et
1014 3464 1089 3528 bine
1112 3467 1160 3529 in-

36 3584 40 3619 ,
68 3554 92 3598 2
110 3545 272 3617 tulerunt.
304 3552 454 3625 Anicius
473 3557 598 3626 deinde
611 3556 782 3625 Maximus
797 3552 978 3640 preconem
992 3571 1049 3614 eos
1065 3553 1213 3633 abruma
