2506 3862
128 219 170 283 32
563 215 590 272 c.
609 216 708 270 mnu

126 382 204 447 ficit.
240 379 334 464 Nam,
352 381 429 446 licet
452 380 576 444 acriora
598 380 672 462 sint,
691 401 772 462 quae
795 379 893 466 legas,
911 380 1007 444 altius
1030 382 1141 443 tamen

126 471 162 534 in
188 470 296 536 animo
328 471 452 554 sedent,
480 492 561 554 quae
588 469 822 553 pronuntiatio,
849 469 972 552 vultus,
999 467 1140 553 habitus,

74 576 107 627 10
126 563 236 646 gestus
256 561 352 625 etiam
372 559 506 625 dicentis
525 558 651 645 adfigit3
669 557 733 622 nisi
751 580 827 622 vero
845 557 963 622 falsum
986 557 1139 642 putamus

126 649 207 714 illud
234 647 418 731 Aeschinis,
448 649 504 732 qui
534 668 607 711 cum
637 647 768 733 legisset
795 645 931 712 Rhodiis
960 647 1139 711 orationem

125 737 353 803 Demosthenis
376 737 607 802 admirantibus
631 737 764 819 cunctis,
783 736 935 800 adiecisse
957 736 1070 800 fertur:
1095 734 1143 800 ‘rr'
1168 763 1180 803 s

125 823 173 910 δὲ,
198 829 228 891 si
250 826 355 891 αὐτοῦ
376 835 436 891 τοῦ
454 828 579 910 θηρίου
597 823 784 910 ἠκούσατε;’
808 828 840 889 et
863 829 931 889 erat
953 822 1140 908 Aeschines,

127 917 153 981 si
171 915 384 980 Demostheni
405 914 573 997 credimus,
595 915 927 999 λαμπροφωνότατος.
964 912 1140 978 Fatebatur

125 1010 234 1069 tamen
264 1005 362 1091 longe
393 1004 509 1068 melius
542 1003 651 1067 eadem
683 1003 740 1067 illa
768 1003 993 1086 pronuntiasse
1022 1003 1139 1086 ipsum,

74 1110 105 1158 11
127 1095 183 1178 qui
211 1098 386 1178 pepererat.
433 1092 520 1168 Quae
551 1092 658 1156 omnia
689 1091 754 1156 huc
782 1092 932 1174 tendunt,
961 1095 998 1155 ut
1027 1091 1139 1157 audias

125 1181 261 1266 Isaeum,
284 1183 335 1247 vel
358 1183 428 1246 ideo
452 1185 588 1265 tantum,
610 1185 647 1245 ut
670 1181 816 1245 audieris.
853 1179 943 1244 Vale.
1154 1210 1180 1250 10

607 1345 658 1404 IV.

359 1447 386 1495 c.
410 1445 549 1494 surmus
575 1445 748 1493 cnuvmnn
774 1445 860 1493 sunu
885 1446 911 1494 s.

91 1554 105 1602 1
193 1534 229 1600 Si
251 1537 398 1620 pluribus
421 1540 513 1620 pater
534 1539 609 1600 tuus
637 1536 689 1599 vel
716 1536 773 1600 uni
800 1536 933 1600 cuilibet
961 1536 1016 1600 alii
1040 1557 1138 1619 quam

126 1625 206 1690 mihi
229 1626 399 1708 debuisset,
422 1625 536 1689 fuisset
558 1625 694 1689 fortasse
721 1625 943 1709 dubitandum,
970 1647 1011 1688 an
1034 1625 1138 1690 adires

90 1732 106 1779 a
126 1715 335 1780 hereditatem
359 1715 455 1779 etiam
478 1715 547 1778 viro
572 1735 710 1799 gravem.
748 1711 829 1778 Cum
848 1735 923 1778 vero
943 1735 1003 1800 ego
1022 1714 1138 1780 ductus
1154 1743 1180 1784 rs

126 1805 300 1870 adfinitatis
325 1805 433 1869 officio
458 1803 597 1868 dimissis
621 1802 780 1886 omnibus,
799 1803 863 1886 qui,
886 1824 953 1867 non
976 1803 1047 1868 dico
1071 1825 1138 1868 mo·

125 1895 280 1976 lestiores,
308 1894 362 1957 sed
390 1893 609 1978 diligentiores
633 1895 733 1974 erant,
761 1892 899 1957 creditor
926 1892 1014 1957 solus
1042 1893 1138 1957 exsti·

126 1982 229 2066 terim,
252 2002 388 2064 cumque
411 2002 471 2065 ego
491 1981 625 2046 nubenti
643 1981 704 2045 tibi
722 1982 757 2045 in
776 1981 882 2045 dotem
902 1985 1030 2045 centum
1049 1982 1141 2046 milia

127 2069 318 2135 contulerim
348 2073 474 2153 praeter
505 2092 575 2134 eam
608 2092 779 2153 summam,
812 2091 907 2153 quam
940 2074 1031 2155 pater
1062 2075 1139 2134 tuus

127 2159 218 2242 quasi
242 2159 280 2222 de
304 2179 375 2223 meo
400 2158 482 2222 dixit
504 2156 587 2245 (erat
610 2159 695 2222 enim
715 2158 867 2223 solvenda
890 2159 928 2223 de
952 2155 1049 2246 meo),
1072 2182 1137 2224 ma
1153 2187 1180 2228 so

127 2269 227 2333 gnum
245 2246 345 2311 habes
362 2247 528 2311 facilitatis
547 2269 636 2311 meae
654 2247 781 2333 pignus,
796 2247 886 2312 cuius
905 2247 1024 2314 fiducia
1042 2248 1138 2313 debes

126 2337 246 2401 famam
270 2335 412 2401 defuncti
434 2336 653 2420 pudoremque
677 2336 851 2420 suscipere3
874 2336 915 2401 ad
938 2336 1025 2420 quod
1047 2341 1079 2402 te
1098 2359 1139 2403 ne

127 2426 233 2491 verbis
257 2426 360 2510 magis
384 2447 480 2509 quam
503 2426 599 2489 rebus
622 2425 740 2507 horter,
766 2425 922 2510 quidquid
944 2426 1025 2489 mihi
1047 2431 1140 2509 pater

91 2521 201 2581 atuus
226 2515 344 2598 debuit,
368 2518 534 2596 acceptum
553 2514 614 2578 tibi
632 2514 702 2578 fieri
720 2514 847 2579 iubebo,
883 2513 953 2579 Nec
975 2518 1033 2598 cst,
1053 2516 1140 2598 quod

126 2605 273 2687 verearis,
296 2626 336 2668 nc
360 2604 402 2668 sit
425 2603 505 2666 mihi
529 2625 663 2668 onerosa
685 2603 749 2667 ista
776 2603 916 2669 donatio.
963 2601 1045 2668 Sunt
1070 2605 1138 2687 qui·
1153 2631 1179 2673 rs

128 2693 200 2756 dem
229 2693 359 2757 omnino
388 2692 481 2757 nobis
509 2693 653 2758 modicae
680 2692 858 2776 facultates,
886 2692 1025 2778 dignitas
1054 2714 1138 2758 sum·

127 2784 251 2863 ptuosa,
274 2782 395 2846 reditus
418 2784 550 2866 propter
577 2781 797 2846 condicionem
825 2782 1002 2868 agellorum
1030 2783 1138 2846 nescio

128 2870 233 2933 minor
256 2892 298 2933 an
319 2871 483 2955 incertior,
510 2872 574 2953 sed,
599 2872 685 2954 quod
707 2875 811 2936 cessat
834 2893 873 2934 ex
895 2870 1010 2954 reditu,
1032 2871 1138 2957 fruga-

128 2959 219 3022 litate
241 2960 475 3042 suppletur,·ex
494 2982 557 3043 qua
575 2959 700 3024 velute
722 2960 812 3024 fonte
835 2960 1010 3025 liberalitas
1028 2963 1140 3024 nostra

10 3113 20 3145 s
89 3047 280 3131 ndeeurrit3
313 3069 394 3130 quae
426 3052 535 3112 tamen
565 3049 611 3112 ita
642 3049 849 3133 temperanda
879 3052 940 3132 est,
969 3071 1010 3113 ne
1039 3049 1140 3113 nimia
1153 3075 1180 3117 ao

22 3162 31 3219 χ
127 3136 313 3221 profusione
345 3137 514 3221 inarescat,
539 3137 594 3201 sed
624 3137 831 3221 temperanda
862 3137 897 3201 in
928 3136 1013 3221 aliis,
1045 3138 1079 3202 in
1105 3142 1139 3203 te

26 3230 29 3234 ’
127 3247 202 3378 gero
230 3224 324 3289 facile
350 3224 433 3289 ratio
462 3226 629 3310 constabit,
658 3227 782 3290 etiamsi
806 3227 937 3290 modum
960 3227 1139 3292 excesserit.

159 3316 216 3378 ale.

199 3458 232 3506 22
252 3468 287 3506 ne
305 3455 335 3507 tc
349 3470 404 3522 pr,
422 3454 460 3507 K.
467 3455 492 3507 1.
579 3459 612 3508 29
634 3469 649 3507 s
667 3456 721 3526 (ex)
740 3455 826 3524 Fpr,
847 3453 908 3510 Otto
921 3459 984 3522 297,
1003 3471 1053 3510 om.
1072 3456 1139 3521 rell,

128 3539 162 3576 ex
181 3540 235 3592 quo
249 3523 327 3577 velut
339 3523 418 3579 fonte
430 3526 502 3581 coci.
516 3525 555 3580 K.
632 3530 665 3578 32
685 3524 769 3579 facile
784 3525 811 3579 ei
825 3526 912 3593 ΚΠ,
930 3525 1015 3580 facile
1029 3527 1140 3581 etFD.

128 3596 379 3652 Innumerabilitas
398 3597 462 3652 locis
480 3598 509 3650 et
527 3598 568 3652 oet
584 3597 649 3652 aad.
668 3598 716 3652 orl.
731 3613 786 3651 om.
1046 3595 1048 3600 ’
