2506 3862
111 220 176 285 114
544 218 571 274 0·
590 217 688 274 ΡΙᾸΝἹ

109 383 393 466 reprehenderent,
434 382 520 467 quod
556 384 636 448 haec
674 383 842 449 scriberem
880 381 1121 469 recitaremque.

74 491 91 540 2
111 471 234 548 Quibus
257 494 331 559 ego,
354 477 391 536 ut
414 494 548 559 augeam
571 495 675 537 meam
699 473 840 557 culpam,
863 473 908 537 ita
929 474 1122 558 respondeo:

109 561 193 625 facio
216 583 283 625 non
304 583 480 645 numquam
503 562 677 627 versiculos
700 582 827 627 severos
844 584 967 646 parum,
986 563 1069 627 facio
1089 568 1122 629 et

111 649 281 716 comoedos
309 649 404 715 audio
432 654 465 715 et
493 655 601 735 specto
630 651 746 715 mimos
776 654 808 715 et
837 652 956 735 lyricos
984 653 1058 738 lego
1089 658 1122 718 et

58 799 62 806 .
109 737 278 804 Sotadicos
307 740 473 824 intelleg03
502 739 673 823 aliquando
703 743 866 823 praeterea
892 741 995 824 rideo,
1023 743 1121 826 iocor,
1150 767 1162 807 a

109 829 197 913 ludo,
219 832 319 912 utque
338 830 446 892 omnia
464 829 614 893 innoxiae
631 829 828 893 remissionis
846 850 963 915 genera
982 830 1122 896 breviter

74 915 297 1003 camplectar,
325 918 422 981 homo
451 939 531 981 sum.
576 916 646 981 Nec
671 938 747 981 vero
777 918 912 983 moleste
940 919 1008 983 fero
1037 920 1122 985 hanc

110 1027 179 1073 esse
202 1007 241 1072 de
263 1007 415 1071 moribus
430 1007 510 1071 meis
534 1007 812 1089 existimationem,
835 1009 881 1090 ut,
899 1009 955 1090 qui
973 1010 1122 1074 nesciunt

106 1097 188 1161 ‘talia
220 1096 436 1180 doctissimos,
469 1097 689 1180 gravissimos,
722 1095 940 1161 sanctissimos
972 1097 1121 1164 homines

73 1187 321 1270 4scriptitasse,
352 1206 403 1248 me
436 1184 573 1250 scribere
604 1186 769 1248 mirentur.
813 1183 866 1248 Ab
903 1186 968 1250 illis
1003 1190 1162 1271 autem,1o

110 1275 227 1359 quibus
254 1277 368 1336 notum
397 1277 457 1358 est,
486 1295 566 1357 quos
595 1277 796 1357 quantosque
823 1278 969 1340 auctores
997 1297 1121 1360 sequar,

109 1363 204 1427 facile
227 1363 392 1446 impetrari
414 1384 508 1447 posse
532 1361 668 1446 confid0,
690 1367 727 1426 ut
750 1385 942 1447 errare-me,
968 1364 1023 1430 sed
1046 1386 1121 1429 cum

109 1453 174 1517 illis
193 1453 308 1534 sinant,
327 1473 464 1535 quornm
482 1473 549 1515 non
567 1452 648 1517 seria
665 1451 772 1536 modo,
785 1474 896 1517 verum
915 1454 1012 1518 etiam
1030 1455 1121 1519 lusus

73 1562 90 1612 s
110 1543 289 1626 exprimere
311 1540 472 1609 laudabile
496 1543 551 1605 est.
588 1538 642 1604 An
664 1561 724 1624 ego
747 1564 857 1606 verear
875 1543 1051 1628 (neminem
1075 1545 1121 1607 vi-

108 1629 267 1714 ventium,
298 1652 338 1694 ne
371 1651 467 1714 quam
495 1631 534 1693 ,in
569 1630 707 1713 speciem
745 1629 938 1696 adulationis
971 1631 1120 1715 incidam,
1135 1656 1160 1697 a

108 1720 295 1802 nominabo)
314 1757 358 1765 —
377 1718 433 1783 sed
456 1741 515 1804 ego
538 1740 656 1802 verear,
674 1741 715 1783 ne
737 1741 788 1784 me
811 1741 878 1784 non
900 1721 978 1785 satis
1002 1720 1121 1805 deceat,

109 1810 195 1894 quod
224 1809 331 1875 decuit
352 1808 395 1872 M.
418 1803 570 1891 Tullium,
595 1806 628 1871 0.
653 1806 797 1891 Calvum,
824 1806 973 1873 Asinium
1001 1808 1121 1873 Pollio-

107 1923 191 1983 nem,
213 1899 256 1963 M.
274 1898 453 1980 Messalam,
477 1896 513 1973 Q.
531 1896 750 1980 Hortensium,
768 1896 810 1960 M.
829 1897 975 1980 Brutum,
993 1898 1029 1962 L.
1049 1897 1120 1962 sul-

107 1990 186 2072 lam,
215 1987 250 2064 Q.
276 1985 438 2067 Catulum,
471 1985 507 2062 Q.
531 1984 730 2069 Scaevolam,
761 1985 906 2051 Servium
931 1986 1119 2071 Sulpicium,

109 2078 157 2142 M.
186 2076 377 2160 Varronem,
409 2075 447 2138 L.
474 2074 687 2159 Torquatum,
723 2077 822 2140 immo
858 2074 1052 2160 Torquatos,
1086 2075 1119 2140 O.
1134 2103 1161 2143 ao

107 2165 306 2248 Memmium,
333 2162 506 2229 Lentulum
537 2162 750 2247 Gaetulicum,
771 2162 941 2230 Annaeum
966 2163 1118 2230 Senecam
1149 2237 1151 2240 .

109 2259 141 2320 et
172 2257 319 2339 proxime
350 2252 541 2339 Verginium
573 2251 694 2317 Rufum
727 2257 767 2337 et,
799 2255 827 2318 si
858 2275 924 2318 non
954 2255 1119 2332 sufficiunt

109 2342 256 2428 exempla
277 2344 412 2427 privata,
435 2341 544 2406 divum
567 2339 695 2424 Iulium,
719 2341 828 2406 divum
850 2340 1045 2428 Augustum,
1073 2343 1119 2406 di-

74 2452 184 2500 orum
216 2431 372 2514 Neruam,
404 2430 568 2495 Tiberium
601 2428 789 2495 Caesarem?
834 2430 995 2496 Neronem
1032 2433 1118 2497 enim

108 2527 245 2605 transeo,
264 2521 410 2604 quamvis
433 2521 531 2584 sciam
549 2541 616 2582 non
634 2521 795 2603 corrumpi
813 2520 848 2583 in
866 2520 1013 2605 deterius,
1037 2543 1118 2604 quae
1133 2548 1160 2587 aa

108 2610 281 2695 aliquando
310 2610 407 2674 etiam
435 2632 453 2673 a
480 2608 587 2691 malis,
615 2608 670 2673 sed
696 2608 833 2673 honesta
863 2631 1004 2693 manere,
1037 2632 1118 2694 quae

109 2703 235 2784 saepius
263 2722 282 2762 a
310 2698 403 2762 bonis
430 2698 521 2761 fiunt.
566 2695 655 2761 Inter
682 2719 763 2780 quos
790 2699 842 2762 vel
868 2700 1038 2782 praecipue
1061 2721 1118 2762 nu-

108 2788 279 2854 merandus
306 2791 355 2851 est
381 2786 417 2850 P.
440 2786 613 2872 Vergilius,
641 2784 807 2851 Cornelius
832 2786 942 2870 Nepos
969 2791 1001 2853 et
1028 2789 1118 2872 prins

107 2878 234 2943 Ennius
256 2875 446 2960 Acciusque.
482 2874 559 2939 Non
579 2874 708 2959 quidem
726 2876 762 2939 hi
785 2880 955 2960 senatores,
975 2876 1029 2941 sed
1049 2899 1118 2942 san-

179 3039 194 3086 3
212 3037 241 3088 et
254 3036 361 3103 oper,
372 3035 409 3088 K.
416 3035 454 3087 ll
458 3033 538 3102 (disp.
550 3034 634 3101 121),
647 3050 713 3087 nam
724 3035 752 3087 et
763 3035 800 3088 M
805 3033 865 3088 FR
874 3050 941 3088 corr.
949 3051 976 3098 a,
986 3034 1046 3088 Otto
1057 3037 1118 3099 301,

108 3107 195 3160 etiam
205 3107 232 3161 R
247 3113 309 3160 anm
323 3117 390 3160 corr.
412 3105 481 3160 doct.
498 3111 568 3159 acet.
580 3106 648 3159 K.I.
703 3110 720 3158 4
734 3104 880 3158 comoedos
891 3105 928 3158 K.
935 3106 977 3170 ΙΙ,
992 3105 1060 3174 disp.
1073 3106 1089 3158 l.
1100 3107 1117 3158 l.

107 3179 142 3246 cf.
154 3179 222 3231 115.
232 3181 260 3243 2,
274 3179 359 3230 1111.
370 3181 396 3242 9,
415 3177 464 3230 IX
472 3180 514 3230 17.
525 3180 550 3241 3,
569 3180 612 3230 36.
622 3181 648 3240 4,
666 3180 709 3231 40.
718 3180 747 3241 2,
766 3175 925 3229 comoedias
939 3178 1010 3247 culp.
1085 3181 1116 3228 11

107 3248 214 3304 Polion.
231 3250 274 3314 M,
288 3249 353 3302 K.I
362 3255 394 3302 ut
402 3265 432 3316 p.
445 3252 486 3302 17.
497 3252 521 3302 9.
593 3251 626 3301 18
641 3246 763 3300 Messall.
773 3265 804 3316 p,
819 3249 886 3302 K.I.
952 3253 985 3301 20
1000 3246 1037 3301 M.
1053 3248 1116 3301 add.

109 3323 249 3385 Mamma,
268 3318 353 3374 KH.
383 3351 415 3359 -
444 3318 473 3372 L.
497 3318 561 3373 odd.
586 3318 685 3389 Staayl
698 3323 757 3374 678.
848 3324 881 3373 21
906 3318 968 3372 Seu.
993 3320 1022 3372 et
1039 3335 1116 3387 prox.

108 3392 262 3461 RFDpa,
277 3389 315 3445 K.
334 3391 403 3458 disp.
414 3392 436 3444 I
441 3396 530 3458 naq,
549 3389 621 3456 Son,
636 3389 779 3442 Lucanum
797 3389 827 3443 et
841 3408 882 3458 pr.
900 3391 942 3454 M,
957 3391 1026 3455 K.I,
1045 3389 1117 3458 Seu,

98 3464 251 3515 Annaeum
272 3462 417 3515 Lucanum
437 3462 522 3515 Κ.ΙΙ.
600 3466 633 3514 29
657 3459 764 3514 Ennius
782 3459 940 3529 Acciusque
959 3461 1117 3530 RFa(pr),

62 3529 267 3661 fflylow,
288 3533 397 3587 Accius
415 3532 584 3604 Enniusque
605 3533 649 3601 M,
669 3533 755 3589 KH.
774 3563 807 3574 -
827 3531 921 3586 Attius
941 3533 1008 3598 KI,
1027 3532 1118 3586 actius
