2506 3862
150 205 216 269 330
586 165 613 256 c]
634 204 731 257 Puuu

150 369 246 433 etiam
277 367 471 432 affinitatum
505 368 621 431 damno
654 368 734 432 bene
767 370 967 452 compensari
998 372 1165 451 putarent3

151 458 205 522 sed
229 457 268 521 iis
291 458 429 521 maxime
454 456 589 521 debebat
616 459 756 542 gratuita
785 459 980 543 contingere,
1004 458 1165 541 aquibus

114 551 216 611 ctam
240 568 357 631 magno
382 546 618 610 aestimabatur.
655 544 760 631 Igitur
777 550 869 630 pater
887 551 961 610 tuus
983 547 1097 630 sanxit,
1117 550 1165 628 ut,

118 684 122 696 .
151 636 236 719 quod
260 658 299 698 ex
322 637 434 698 matris
458 635 498 698 ad
519 635 647 717 liberos,
671 658 710 698 ex
733 637 907 700 liberorum
935 635 1030 700 bonis
1052 657 1165 718 perve-

149 726 250 789 nisset
274 725 313 788 ad
337 729 481 806 matrem,
504 725 630 788 etiamsi
654 725 882 809 cognationum
901 726 971 789 iura
988 745 1055 788 non
1077 746 1164 789 rece·
1194 752 1206 791 a

149 816 280 898 pissent,
303 836 376 878 cum
405 814 566 879 civitatem
595 813 853 896 adipiscerentur,
882 815 949 878 eius
976 814 1165 878 vicesimam

115 919 190 967 une
223 904 341 966 darent.
383 902 526 966 Eandem
559 902 796 967 immunitatem
828 904 862 967 in
893 904 1034 986 paternis
1066 903 1164 966 bonis

149 993 217 1056 filio
240 992 364 1074 tribuit,
387 993 415 1055 si
438 990 534 1055 modo
558 991 708 1056 reductus
732 995 814 1056 esset
842 993 877 1055 in
899 993 999 1076 patris
1023 996 1165 1075 potesta-

150 1086 224 1164 tem,
251 1084 339 1144 ratus
368 1080 513 1163 improbe
542 1084 574 1144 ot
601 1080 775 1145 insolenter
805 1102 842 1144 ac
864 1104 964 1165 paene
988 1081 1087 1164 impie
1110 1081 1164 1145 his

149 1169 333 1234 nominibus
356 1170 453 1233 inseri
476 1169 692 1252 publicanum,
711 1191 769 1233 nec
789 1172 856 1234 sine
874 1170 1001 1254 piaculo
1021 1169 1162 1253 quodam
1181 1197 1208 1236 ro

150 1258 365 1323 sanctissimas
388 1258 637 1323 necessitudines
661 1260 750 1322 velut
772 1260 988 1324 intercedente
1010 1260 1165 1323 vicesima

150 1348 265 1431 scindi,
289 1348 414 1410 nullum
437 1348 520 1411 tanti
543 1369 611 1411 esse
633 1347 780 1432 vectigal,
801 1349 886 1431 quod
904 1350 1023 1412 liberos
1048 1371 1085 1413 ac
1108 1372 1165 1432 pa-

98 1432 254 1501 38rentes
272 1437 391 1501 faceret
410 1440 585 1500 extraneos.
616 1435 779 1500 Hactenus
797 1438 853 1501 ille
871 1439 998 1520 parcius
1016 1438 1166 1520 fortasse,

151 1549 246 1609 quam
266 1527 371 1590 decuit
391 1525 549 1608 optimum
568 1527 755 1608 principem,
770 1527 904 1591 sednon
918 1528 1046 1610 parcius
1066 1549 1164 1609 quam

150 1616 308 1698 optimum
332 1619 464 1698 patrem,
484 1615 539 1697 qui
558 1615 767 1698 adoptaturus
786 1615 849 1680 hoc
869 1637 996 1698 quoque
1019 1617 1164 1699 parentis
1181 1644 1208 1682 15

150 1704 421 1789 indulgentissimi
443 1704 529 1785 fecit,
554 1703 641 1787 quod
663 1704 818 1768 delibasse
843 1706 997 1787 quaedam
1027 1727 1083 1768 seu
1107 1727 1164 1788 po-

150 1795 214 1857 tius
239 1795 471 1857 demonstrasse
495 1796 664 1856 contentus
687 1795 810 1878 largam
835 1814 871 1856 ac
889 1816 990 1877 propo
1008 1794 1165 1858 intactam

115 1883 231 1946 ebena
260 1881 399 1945 faciendi
427 1882 592 1944 materiam
620 1883 688 1945 filio
717 1884 899 1946 reservavit.
937 1881 1054 1946 Statim
1086 1904 1164 1969 ergo

150 1972 275 2034 muneri
295 1973 362 2034 eius
380 1970 556 2035 liberalitas
571 1975 627 2034 tua
645 1972 791 2054 astruxit,
804 1976 850 2055 ut,
867 1994 962 2054 quem
977 1973 1165 2036 admodum

150 2062 184 2122 in
207 2060 307 2142 patris
331 2060 425 2141 filius,
454 2061 557 2124 sicin
584 2060 760 2124 hereditate
789 2059 847 2124 filii
875 2065 966 2144 pater
994 2066 1077 2126 esset
1105 2062 1164 2124 im·
1180 2089 1208 2126 ao

150 2149 256 2212 munis
283 2170 343 2212 nec
370 2149 480 2212 eodem
508 2153 682 2230 momento,
710 2172 773 2233 quo
802 2154 893 2232 pater
920 2172 988 2214 esse
1020 2150 1165 2232 desisset,

114 2237 211 2301 3hoc
239 2260 367 2320 quoque
395 2237 565 2320 amitteret,
594 2238 680 2320 quod
702 2238 824 2302 fuisset.
862 2239 1011 2324 Egregie,
1040 2236 1165 2323 Caesar,

151 2327 237 2410 quod
263 2327 411 2390 lacrimas
437 2329 607 2410 parentum
637 2328 811 2412 vectigales
841 2348 910 2391 esse
940 2349 1006 2391 non
1035 2329 1165 2411 pateris.

150 2415 241 2479 Bona
259 2415 319 2478 filii
338 2420 429 2498 pater
448 2417 515 2479 sine
534 2416 752 2480 deminutione
771 2416 941 2500 possideat,
960 2439 1019 2481 nec
1039 2418 1163 2481 socium

149 2505 336 2570 hereditatis
356 2505 500 2588 accipiat,
520 2505 659 2587 quinon
677 2504 775 2569 habet
799 2507 919 2589 luctus3
943 2528 1036 2569 nemo
1055 2526 1164 2570 recen·
1180 2532 1206 2572 25

150 2600 215 2660 tem
244 2598 275 2658 et
303 2595 472 2657 attonitam
501 2594 671 2657 orbitatem
700 2594 740 2657 ad
768 2596 1041 2677 computationem
1069 2600 1165 2660 vocet

114 2687 311 2768 leogatque
337 2686 470 2766 patrem,
499 2682 575 2765 quid
603 2682 769 2766 reliquerit
794 2684 889 2767 filius,
914 2685 1001 2748 seire.
1038 2682 1164 2770 Augeo,

150 2777 256 2854 patres
281 2772 463 2854 conscripti,
486 2772 640 2854 principis
669 2794 794 2854 munus,
823 2794 895 2836 cum
924 2772 1057 2837 ostendo
1085 2773 1165 2837 libe-

150 2861 270 2924 ralitati
285 2863 352 2924 eius
367 2861 470 2924 inesse
488 2861 654 2924 rationem.
689 2860 835 2925 Ambitio
855 2862 940 2925 enim
960 2866 991 2925 et
1009 2861 1165 2926 iactantia

151 2954 183 3012 et
201 2949 313 3029 effusio
333 2954 365 3013 et
379 2949 505 3032 quidvis
519 2950 628 3032 potius
647 2971 743 3033 quam
761 2950 937 3014 liberalitas
952 2951 1165 3016 existimanda
1179 2977 1207 3016 eo

115 3041 207 3120 test,
236 3038 286 3101 cui
313 3039 395 3102 ratio
423 3060 489 3102 non
517 3042 650 3102 constat.
687 3037 831 3124 Dignum
864 3060 948 3124 erg0,
979 3041 1163 3124 imperator,

150 3126 394 3191 mansuetudine
417 3132 473 3190 tua
500 3127 643 3190 minuere
672 3129 819 3192 orbitatis
847 3130 981 3192 iniurias
1008 3151 1067 3193 noo
1093 3131 1164 3212 pati

152 3238 344 3299 quemquam
367 3216 435 3279 filio
460 3217 576 3280 amisso
601 3217 731 3299 insuper
754 3218 839 3281 affici
863 3218 926 3282 alio
951 3218 1069 3282 dolore.
1110 3216 1166 3284 Sic

151 3326 278 3387 quoque
302 3304 428 3368 abunde
452 3305 568 3369 misera
590 3327 640 3369 res
664 3310 721 3388 est,
744 3311 835 3389 pater
852 3307 920 3370 filio
946 3308 1032 3370 solus
1056 3307 1164 3390 heres3

149 3450 153 3454 .
186 3449 365 3456 Μ.-.

202 3521 238 3567 15
264 3517 411 3587 optimum
437 3525 503 3576 arcte
528 3518 626 3590 adopt.
651 3517 736 3573 iatam.
756 3518 875 3572 Outoaco
899 3523 973 3570 aaut.
993 3518 1064 3581 edd,
1082 3518 1166 3584 iaspr.

109 3581 248 3642 Sebmlle
260 3609 292 3660 p.
309 3597 360 3650 29.
