<?xml version="1.0" encoding="UTF-8"?>
<!DOCTYPE html PUBLIC "-//W3C//DTD XHTML 1.0 Transitional//EN"
    "http://www.w3.org/TR/xhtml1/DTD/xhtml1-transitional.dtd">
<html xmlns="http://www.w3.org/1999/xhtml" xml:lang="en" lang="en">
 <head>
  <title>
</title>
<meta http-equiv="Content-Type" content="text/html;charset=utf-8" />
  <meta name='ocr-system' content='tesseract 3.04.00' />
  <meta name='ocr-capabilities' content='ocr_page ocr_carea ocr_par ocr_line ocrx_word'/>
</head>
<body>
  <div class='ocr_page' id='page_1' title='image "./cplinicaecilise04plingoog_0269.png"; bbox 0 0 2506 3862; ppageno 0'>
   <div class='ocr_carea' id='block_1_1' title="bbox 150 187 848 258">
    <p class='ocr_par' dir='ltr' id='par_1_1' title="bbox 150 187 848 258">
     <span class='ocr_line' id='line_1_1' title="bbox 150 187 848 258; baseline -0.006 -14"><span class='ocrx_word' id='word_1_1' title='bbox 150 193 215 258; x_wconf 77' lang='lat'><strong>256</strong></span> <span class='ocrx_word' id='word_1_2' title='bbox 468 188 496 243; x_wconf 90' lang='lat' dir='ltr'><strong>O.</strong></span> <span class='ocrx_word' id='word_1_3' title='bbox 516 188 614 242; x_wconf 81' lang='lat' dir='ltr'>PIINI</span> <span class='ocrx_word' id='word_1_4' title='bbox 630 187 677 241; x_wconf 88' lang='grc' dir='ltr'><strong>ΕΤ</strong></span> <span class='ocrx_word' id='word_1_5' title='bbox 696 187 848 241; x_wconf 85' lang='lat' dir='ltr'>TRAIANI</span> 
     </span>
    </p>
   </div>
   <div class='ocr_carea' id='block_1_2' title="bbox 150 349 1253 619">
    <p class='ocr_par' dir='ltr' id='par_1_2' title="bbox 150 349 1253 619">
     <span class='ocr_line' id='line_1_2' title="bbox 151 349 1253 438; baseline -0.008 -18"><span class='ocrx_word' id='word_1_6' title='bbox 151 356 231 421; x_wconf 90' lang='lat' dir='ltr'><strong>mihi</strong></span> <span class='ocrx_word' id='word_1_7' title='bbox 254 378 274 418; x_wconf 93' lang='lat' dir='ltr'><strong>a</strong></span> <span class='ocrx_word' id='word_1_8' title='bbox 295 359 327 419; x_wconf 85' lang='lat' dir='ltr'><strong>ta</strong></span> <span class='ocrx_word' id='word_1_9' title='bbox 346 376 394 438; x_wconf 81' lang='lat' dir='ltr'><strong>OO,</strong></span> <span class='ocrx_word' id='word_1_10' title='bbox 413 375 476 437; x_wconf 94' lang='lat' dir='ltr'><strong>quo</strong></span> <span class='ocrx_word' id='word_1_11' title='bbox 496 353 654 417; x_wconf 78' lang='lat' dir='ltr'><strong>desideras</strong></span> <span class='ocrx_word' id='word_1_12' title='bbox 673 353 755 434; x_wconf 77' lang='lat'><strong>1000,</strong></span> <span class='ocrx_word' id='word_1_13' title='bbox 775 374 970 435; x_wconf 92' lang='lat' dir='ltr'><strong>quamquam</strong></span> <span class='ocrx_word' id='word_1_14' title='bbox 989 350 1057 414; x_wconf 86' lang='lat' dir='ltr'><strong>eius</strong></span> <span class='ocrx_word' id='word_1_15' title='bbox 1077 349 1167 414; x_wconf 92' lang='lat' dir='ltr'><strong>modi</strong></span> <span class='ocrx_word' id='word_1_16' title='bbox 1252 367 1253 373; x_wconf 53' lang='lat'>¹</span> 
     </span>
     <span class='ocr_line' id='line_1_3' title="bbox 150 440 1168 528; baseline -0.006 -19"><span class='ocrx_word' id='word_1_17' title='bbox 150 445 310 509; x_wconf 91' lang='lat' dir='ltr'><strong>honorum</strong></span> <span class='ocrx_word' id='word_1_18' title='bbox 332 444 547 528; x_wconf 81' lang='lat' dir='ltr'><strong>parcissimus,</strong></span> <span class='ocrx_word' id='word_1_19' title='bbox 570 446 679 505; x_wconf 89' lang='lat' dir='ltr'><strong>tamen</strong></span> <span class='ocrx_word' id='word_1_20' title='bbox 700 442 815 524; x_wconf 88' lang='lat' dir='ltr'><strong>patior,</strong></span> <span class='ocrx_word' id='word_1_21' title='bbox 837 463 877 505; x_wconf 91' lang='lat' dir='ltr'><strong>ne</strong></span> <span class='ocrx_word' id='word_1_22' title='bbox 900 440 1072 524; x_wconf 89' lang='lat' dir='ltr'><strong>impedisse</strong></span> <span class='ocrx_word' id='word_1_23' title='bbox 1097 461 1168 504; x_wconf 89' lang='lat' dir='ltr'><strong>our·</strong></span> 
     </span>
     <span class='ocr_line' id='line_1_4' title="bbox 152 530 785 619; baseline -0.009 -20"><span class='ocrx_word' id='word_1_24' title='bbox 152 558 223 599; x_wconf 93' lang='lat' dir='ltr'><strong>sum</strong></span> <span class='ocrx_word' id='word_1_25' title='bbox 247 556 323 619; x_wconf 86' lang='lat' dir='ltr'><strong>erga</strong></span> <span class='ocrx_word' id='word_1_26' title='bbox 345 555 396 597; x_wconf 87' lang='lat' dir='ltr'><strong>me</strong></span> <span class='ocrx_word' id='word_1_27' title='bbox 419 533 548 616; x_wconf 87' lang='lat' dir='ltr'><strong>pietatis</strong></span> <span class='ocrx_word' id='word_1_28' title='bbox 572 535 645 595; x_wconf 87' lang='lat' dir='ltr'><strong>tuae</strong></span> <span class='ocrx_word' id='word_1_29' title='bbox 669 530 785 594; x_wconf 85' lang='lat' dir='ltr'><strong>videar.</strong></span> 
     </span>
    </p>
   </div>
   <div class='ocr_carea' id='block_1_3' title="bbox 119 768 1210 1828">
    <p class='ocr_par' dir='ltr' id='par_1_3' title="bbox 119 768 1210 1828">
     <span class='ocr_line' id='line_1_5' title="bbox 350 768 1207 819; baseline -0.005 0"><span class='ocrx_word' id='word_1_30' title='bbox 350 772 377 819; x_wconf 90' lang='lat' dir='ltr'><strong>O.</strong></span> <span class='ocrx_word' id='word_1_31' title='bbox 401 770 539 818; x_wconf 77' lang='lat' dir='ltr'>PLINIUS</span> <span class='ocrx_word' id='word_1_32' title='bbox 564 769 717 817; x_wconf 91' lang='lat' dir='ltr'>TRAIANO</span> <span class='ocrx_word' id='word_1_33' title='bbox 741 768 968 816; x_wconf 75' lang='lat' dir='ltr'>IMPERATORI.</span> <span class='ocrx_word' id='word_1_34' title='bbox 1195 776 1207 816; x_wconf 82' lang='lat' dir='ltr'><strong>s</strong></span> 
     </span>
     <span class='ocr_line' id='line_1_6' title="bbox 119 851 1168 937; baseline -0.007 -17"><span class='ocrx_word' id='word_1_35' title='bbox 119 873 133 921; x_wconf 91' lang='lat'>1</span> <span class='ocrx_word' id='word_1_36' title='bbox 219 853 417 937; x_wconf 81' lang='lat' dir='ltr'><strong>Exprimere,</strong></span> <span class='ocrx_word' id='word_1_37' title='bbox 441 852 578 935; x_wconf 89' lang='lat' dir='ltr'><strong>domine,</strong></span> <span class='ocrx_word' id='word_1_38' title='bbox 600 851 706 915; x_wconf 84' lang='lat' dir='ltr'><strong>verbis</strong></span> <span class='ocrx_word' id='word_1_39' title='bbox 725 872 791 914; x_wconf 92' lang='lat' dir='ltr'><strong>non</strong></span> <span class='ocrx_word' id='word_1_40' title='bbox 809 873 951 934; x_wconf 89' lang='lat' dir='ltr'><strong>possum,</strong></span> <span class='ocrx_word' id='word_1_41' title='bbox 974 853 1096 933; x_wconf 90' lang='lat' dir='ltr'><strong>quanto</strong></span> <span class='ocrx_word' id='word_1_42' title='bbox 1116 871 1168 913; x_wconf 87' lang='lat' dir='ltr'><strong>me</strong></span> 
     </span>
     <span class='ocr_line' id='line_1_7' title="bbox 154 938 1169 1030; baseline -0.005 -23"><span class='ocrx_word' id='word_1_43' title='bbox 154 943 269 1030; x_wconf 88' lang='lat' dir='ltr'><strong>gaudio</strong></span> <span class='ocrx_word' id='word_1_44' title='bbox 294 943 468 1006; x_wconf 75' lang='lat' dir='ltr'><strong>adiecerint</strong></span> <span class='ocrx_word' id='word_1_45' title='bbox 491 942 645 1024; x_wconf 77' lang='lat' dir='ltr'><strong>epistulae</strong></span> <span class='ocrx_word' id='word_1_46' title='bbox 668 945 751 1024; x_wconf 90' lang='lat' dir='ltr'><strong>tuae,</strong></span> <span class='ocrx_word' id='word_1_47' title='bbox 775 963 814 1004; x_wconf 90' lang='lat' dir='ltr'><strong>ex</strong></span> <span class='ocrx_word' id='word_1_48' title='bbox 838 940 954 1023; x_wconf 91' lang='lat' dir='ltr'><strong>quibus</strong></span> <span class='ocrx_word' id='word_1_49' title='bbox 978 938 1117 1024; x_wconf 78' lang='lat' dir='ltr'><strong>cognovi</strong></span> <span class='ocrx_word' id='word_1_50' title='bbox 1136 942 1169 1002; x_wconf 89' lang='lat' dir='ltr'><strong>te</strong></span> 
     </span>
     <span class='ocr_line' id='line_1_8' title="bbox 153 1027 1169 1116; baseline -0.005 -19"><span class='ocrx_word' id='word_1_51' title='bbox 153 1032 354 1116; x_wconf 84' lang='lat' dir='ltr'><strong>Harpocrati,</strong></span> <span class='ocrx_word' id='word_1_52' title='bbox 376 1030 557 1112; x_wconf 75' lang='lat' dir='ltr'><strong>iatraliptae</strong></span> <span class='ocrx_word' id='word_1_53' title='bbox 580 1052 662 1112; x_wconf 92' lang='lat' dir='ltr'><strong>meo,</strong></span> <span class='ocrx_word' id='word_1_54' title='bbox 685 1034 717 1093; x_wconf 87' lang='lat' dir='ltr'><strong>et</strong></span> <span class='ocrx_word' id='word_1_55' title='bbox 731 1027 983 1093; x_wconf 82' lang='lat' dir='ltr'><strong>Alexandrinam</strong></span> <span class='ocrx_word' id='word_1_56' title='bbox 1003 1028 1169 1093; x_wconf 82' lang='lat' dir='ltr'><strong>civitatem</strong></span> 
     </span>
     <span class='ocr_line' id='line_1_9' title="bbox 153 1117 1169 1204; baseline -0.005 -19"><span class='ocrx_word' id='word_1_57' title='bbox 153 1121 317 1204; x_wconf 81' lang='lat' dir='ltr'><strong>tribuisse,</strong></span> <span class='ocrx_word' id='word_1_58' title='bbox 346 1119 491 1203; x_wconf 84' lang='lat' dir='ltr'><strong>quamvis</strong></span> <span class='ocrx_word' id='word_1_59' title='bbox 520 1120 693 1184; x_wconf 85' lang='lat' dir='ltr'><strong>seeundum</strong></span> <span class='ocrx_word' id='word_1_60' title='bbox 724 1118 961 1183; x_wconf 87' lang='lat' dir='ltr'><strong>institutionem</strong></span> <span class='ocrx_word' id='word_1_61' title='bbox 984 1117 1169 1201; x_wconf 79' lang='lat' dir='ltr'><strong>principum</strong></span> 
     </span>
     <span class='ocr_line' id='line_1_10' title="bbox 154 1204 1208 1291; baseline -0.004 -16"><span class='ocrx_word' id='word_1_62' title='bbox 154 1232 220 1275; x_wconf 91' lang='lat' dir='ltr'><strong>non</strong></span> <span class='ocrx_word' id='word_1_63' title='bbox 242 1214 361 1273; x_wconf 89' lang='lat' dir='ltr'><strong>temere</strong></span> <span class='ocrx_word' id='word_1_64' title='bbox 384 1232 454 1273; x_wconf 91' lang='lat' dir='ltr'><strong>eam</strong></span> <span class='ocrx_word' id='word_1_65' title='bbox 478 1209 552 1272; x_wconf 87' lang='lat' dir='ltr'><strong>dare</strong></span> <span class='ocrx_word' id='word_1_66' title='bbox 574 1208 804 1291; x_wconf 89' lang='lat' dir='ltr'><strong>proposuisses.</strong></span> <span class='ocrx_word' id='word_1_67' title='bbox 850 1205 931 1271; x_wconf 88' lang='lat' dir='ltr'><strong>Esse</strong></span> <span class='ocrx_word' id='word_1_68' title='bbox 954 1210 1062 1270; x_wconf 87' lang='lat' dir='ltr'><strong>autem</strong></span> <span class='ocrx_word' id='word_1_69' title='bbox 1086 1204 1170 1269; x_wconf 90' lang='lat' dir='ltr'><strong>Har·</strong></span> <span class='ocrx_word' id='word_1_70' title='bbox 1183 1231 1208 1271; x_wconf 84' lang='lat' dir='ltr'><strong>ro</strong></span> 
     </span>
     <span class='ocr_line' id='line_1_11' title="bbox 120 1295 1171 1383; baseline -0.005 -20"><span class='ocrx_word' id='word_1_71' title='bbox 120 1317 274 1383; x_wconf 79' lang='lat' dir='ltr'><strong>Rpooran</strong></span> <span class='ocrx_word' id='word_1_72' title='bbox 291 1307 397 1382; x_wconf 83' lang='grc' dir='ltr'>νομοῦ</span> <span class='ocrx_word' id='word_1_73' title='bbox 416 1301 597 1381; x_wconf 84' lang='grc' dir='ltr'><strong><em>Μεμφίτου</em></strong></span> <span class='ocrx_word' id='word_1_74' title='bbox 619 1298 725 1361; x_wconf 85' lang='lat' dir='ltr'><strong>indico</strong></span> <span class='ocrx_word' id='word_1_75' title='bbox 745 1297 814 1361; x_wconf 87' lang='lat' dir='ltr'><strong>tibi.</strong></span> <span class='ocrx_word' id='word_1_76' title='bbox 847 1296 940 1382; x_wconf 86' lang='lat' dir='ltr'><strong>Rogo</strong></span> <span class='ocrx_word' id='word_1_77' title='bbox 960 1317 1046 1381; x_wconf 85' lang='lat' dir='ltr'><strong>erg0,</strong></span> <span class='ocrx_word' id='word_1_78' title='bbox 1064 1295 1171 1359; x_wconf 90' lang='lat' dir='ltr'><strong>indul-</strong></span> 
     </span>
     <span class='ocr_line' id='line_1_12' title="bbox 156 1383 1171 1474; baseline -0.004 -23"><span class='ocrx_word' id='word_1_79' title='bbox 156 1387 342 1474; x_wconf 88' lang='lat' dir='ltr'><strong>gentissime</strong></span> <span class='ocrx_word' id='word_1_80' title='bbox 364 1388 547 1470; x_wconf 90' lang='lat' dir='ltr'><strong>imperator,</strong></span> <span class='ocrx_word' id='word_1_81' title='bbox 570 1390 606 1449; x_wconf 94' lang='lat' dir='ltr'><strong>ut</strong></span> <span class='ocrx_word' id='word_1_82' title='bbox 629 1386 710 1449; x_wconf 93' lang='lat' dir='ltr'><strong>mihi</strong></span> <span class='ocrx_word' id='word_1_83' title='bbox 733 1386 773 1449; x_wconf 92' lang='lat' dir='ltr'><strong>ad</strong></span> <span class='ocrx_word' id='word_1_84' title='bbox 795 1384 986 1468; x_wconf 90' lang='lat' dir='ltr'><strong>Pompeium</strong></span> <span class='ocrx_word' id='word_1_85' title='bbox 1009 1383 1171 1467; x_wconf 87' lang='lat' dir='ltr'><strong>Plantam,</strong></span> 
     </span>
     <span class='ocr_line' id='line_1_13' title="bbox 155 1473 1171 1562; baseline -0.003 -22"><span class='ocrx_word' id='word_1_86' title='bbox 155 1477 351 1561; x_wconf 83' lang='lat' dir='ltr'><strong>praefectum</strong></span> <span class='ocrx_word' id='word_1_87' title='bbox 378 1476 533 1562; x_wconf 82' lang='lat' dir='ltr'><strong>Aegypti,</strong></span> <span class='ocrx_word' id='word_1_88' title='bbox 565 1475 704 1539; x_wconf 89' lang='lat' dir='ltr'><strong>amioum</strong></span> <span class='ocrx_word' id='word_1_89' title='bbox 732 1479 841 1558; x_wconf 89' lang='lat' dir='ltr'><strong>tuum,</strong></span> <span class='ocrx_word' id='word_1_90' title='bbox 871 1475 955 1539; x_wconf 88' lang='lat' dir='ltr'><strong>siout</strong></span> <span class='ocrx_word' id='word_1_91' title='bbox 981 1473 1171 1558; x_wconf 90' lang='lat' dir='ltr'><strong>promisisti,</strong></span> 
     </span>
     <span class='ocr_line' id='line_1_14' title="bbox 156 1563 1171 1649; baseline -0.002 -20"><span class='ocrx_word' id='word_1_92' title='bbox 156 1567 326 1649; x_wconf 92' lang='lat' dir='ltr'><strong>epistulam</strong></span> <span class='ocrx_word' id='word_1_93' title='bbox 340 1566 459 1641; x_wconf 87' lang='lat' dir='ltr'><strong>mittas.</strong></span> <span class='ocrx_word' id='word_1_94' title='bbox 489 1563 625 1628; x_wconf 83' lang='lat' dir='ltr'><strong>Obviam</strong></span> <span class='ocrx_word' id='word_1_95' title='bbox 640 1565 753 1648; x_wconf 88' lang='lat' dir='ltr'><strong>iturus,</strong></span> <span class='ocrx_word' id='word_1_96' title='bbox 768 1586 831 1648; x_wconf 94' lang='lat' dir='ltr'><strong>quo</strong></span> <span class='ocrx_word' id='word_1_97' title='bbox 846 1563 1012 1647; x_wconf 88' lang='lat' dir='ltr'><strong>maturius,</strong></span> <span class='ocrx_word' id='word_1_98' title='bbox 1031 1563 1171 1647; x_wconf 91' lang='lat' dir='ltr'><strong>domine,</strong></span> 
     </span>
     <span class='ocr_line' id='line_1_15' title="bbox 156 1652 1210 1739; baseline -0.001 -20"><span class='ocrx_word' id='word_1_99' title='bbox 156 1655 391 1739; x_wconf 85' lang='lat' dir='ltr'><strong>exoptatissimi</strong></span> <span class='ocrx_word' id='word_1_100' title='bbox 421 1655 574 1718; x_wconf 85' lang='lat' dir='ltr'><strong>adventus</strong></span> <span class='ocrx_word' id='word_1_101' title='bbox 604 1654 652 1716; x_wconf 91' lang='lat' dir='ltr'><strong>tui</strong></span> <span class='ocrx_word' id='word_1_102' title='bbox 683 1654 799 1738; x_wconf 88' lang='lat' dir='ltr'><strong>gaudio</strong></span> <span class='ocrx_word' id='word_1_103' title='bbox 829 1653 893 1716; x_wconf 78' lang='lat' dir='ltr'><strong>frui</strong></span> <span class='ocrx_word' id='word_1_104' title='bbox 921 1652 1052 1736; x_wconf 89' lang='lat' dir='ltr'><strong>possim,</strong></span> <span class='ocrx_word' id='word_1_105' title='bbox 1079 1673 1210 1738; x_wconf 82' lang='lat' dir='ltr'><strong>rog0,1s</strong></span> 
     </span>
     <span class='ocr_line' id='line_1_16' title="bbox 156 1742 1038 1828; baseline -0.005 -19"><span class='ocrx_word' id='word_1_106' title='bbox 156 1745 323 1828; x_wconf 87' lang='lat' dir='ltr'><strong>permittas</strong></span> <span class='ocrx_word' id='word_1_107' title='bbox 347 1744 427 1808; x_wconf 90' lang='lat' dir='ltr'><strong>mihi</strong></span> <span class='ocrx_word' id='word_1_108' title='bbox 451 1765 547 1826; x_wconf 87' lang='lat' dir='ltr'><strong>quam</strong></span> <span class='ocrx_word' id='word_1_109' title='bbox 569 1743 758 1828; x_wconf 89' lang='lat' dir='ltr'><strong>longissime</strong></span> <span class='ocrx_word' id='word_1_110' title='bbox 782 1764 945 1806; x_wconf 84' lang='lat' dir='ltr'><strong>Ooourrere</strong></span> <span class='ocrx_word' id='word_1_111' title='bbox 969 1742 1038 1805; x_wconf 87' lang='lat' dir='ltr'><strong>tibi.</strong></span> 
     </span>
    </p>
   </div>
   <div class='ocr_carea' id='block_1_4' title="bbox 124 1876 1213 2503">
    <p class='ocr_par' dir='ltr' id='par_1_4' title="bbox 358 1876 973 2030">
     <span class='ocr_line' id='line_1_17' title="bbox 586 1876 742 1960; baseline 0 -20"><span class='ocrx_word' id='word_1_112' title='bbox 586 1883 637 1941; x_wconf 90' lang='lat' dir='ltr'><strong>XI.</strong></span> <span class='ocrx_word' id='word_1_113' title='bbox 661 1876 742 1960; x_wconf 85' lang='lat' dir='ltr'>[VI]</span> 
     </span>
     <span class='ocr_line' id='line_1_18' title="bbox 358 1980 973 2030; baseline -0.005 0"><span class='ocrx_word' id='word_1_114' title='bbox 358 1982 386 2030; x_wconf 85' lang='lat' dir='ltr'><strong>O.</strong></span> <span class='ocrx_word' id='word_1_115' title='bbox 409 1982 547 2030; x_wconf 77' lang='lat' dir='ltr'>PLINIUS</span> <span class='ocrx_word' id='word_1_116' title='bbox 572 1982 725 2030; x_wconf 75' lang='lat' dir='ltr'>TRAIANO</span> <span class='ocrx_word' id='word_1_117' title='bbox 748 1980 973 2030; x_wconf 74' lang='lat' dir='ltr'>IMPERATORI.</span> 
     </span>
    </p>

    <p class='ocr_par' dir='ltr' id='par_1_5' title="bbox 124 2060 1213 2324">
     <span class='ocr_line' id='line_1_19' title="bbox 124 2060 1173 2148; baseline -0.004 -19"><span class='ocrx_word' id='word_1_118' title='bbox 124 2082 138 2130; x_wconf 90' lang='lat'>1</span> <span class='ocrx_word' id='word_1_119' title='bbox 224 2063 375 2128; x_wconf 90' lang='lat' dir='ltr'><strong>Proxima</strong></span> <span class='ocrx_word' id='word_1_120' title='bbox 397 2063 567 2128; x_wconf 84' lang='lat' dir='ltr'><strong>infirmitas</strong></span> <span class='ocrx_word' id='word_1_121' title='bbox 591 2086 671 2148; x_wconf 89' lang='lat' dir='ltr'><strong>mea,</strong></span> <span class='ocrx_word' id='word_1_122' title='bbox 694 2064 831 2146; x_wconf 89' lang='lat' dir='ltr'><strong>domine,</strong></span> <span class='ocrx_word' id='word_1_123' title='bbox 857 2062 1013 2147; x_wconf 84' lang='lat' dir='ltr'><strong>obligavit</strong></span> <span class='ocrx_word' id='word_1_124' title='bbox 1036 2083 1087 2125; x_wconf 89' lang='lat' dir='ltr'><strong>me</strong></span> <span class='ocrx_word' id='word_1_125' title='bbox 1111 2060 1173 2125; x_wconf 94' lang='lat' dir='ltr'><strong>Po-</strong></span> 
     </span>
     <span class='ocr_line' id='line_1_20' title="bbox 159 2151 1213 2238; baseline 0 -21"><span class='ocrx_word' id='word_1_126' title='bbox 159 2153 277 2217; x_wconf 92' lang='lat' dir='ltr'><strong>stumio</strong></span> <span class='ocrx_word' id='word_1_127' title='bbox 292 2152 416 2216; x_wconf 89' lang='lat' dir='ltr'><strong>Marino</strong></span> <span class='ocrx_word' id='word_1_128' title='bbox 432 2153 569 2237; x_wconf 86' lang='lat' dir='ltr'><strong>medieo;</strong></span> <span class='ocrx_word' id='word_1_129' title='bbox 592 2153 644 2217; x_wconf 88' lang='lat' dir='ltr'><strong>oui</strong></span> <span class='ocrx_word' id='word_1_130' title='bbox 657 2175 767 2236; x_wconf 91' lang='lat' dir='ltr'><strong>parem</strong></span> <span class='ocrx_word' id='word_1_131' title='bbox 786 2152 922 2238; x_wconf 84' lang='lat' dir='ltr'><strong>gratiam</strong></span> <span class='ocrx_word' id='word_1_132' title='bbox 941 2151 1057 2215; x_wconf 90' lang='lat' dir='ltr'><strong>referre</strong></span> <span class='ocrx_word' id='word_1_133' title='bbox 1077 2152 1172 2214; x_wconf 86' lang='lat' dir='ltr'><strong>bane·</strong></span> <span class='ocrx_word' id='word_1_134' title='bbox 1187 2176 1213 2217; x_wconf 80' lang='lat' dir='ltr'><strong>so</strong></span> 
     </span>
     <span class='ocr_line' id='line_1_21' title="bbox 158 2240 1171 2324; baseline -0.002 -18"><span class='ocrx_word' id='word_1_135' title='bbox 158 2242 232 2306; x_wconf 87' lang='lat' dir='ltr'><strong>fioio</strong></span> <span class='ocrx_word' id='word_1_136' title='bbox 262 2246 318 2306; x_wconf 94' lang='lat' dir='ltr'><strong>tuo</strong></span> <span class='ocrx_word' id='word_1_137' title='bbox 348 2263 496 2324; x_wconf 87' lang='lat' dir='ltr'><strong>possum,</strong></span> <span class='ocrx_word' id='word_1_138' title='bbox 527 2243 554 2306; x_wconf 93' lang='lat' dir='ltr'><strong>si</strong></span> <span class='ocrx_word' id='word_1_139' title='bbox 583 2243 731 2324; x_wconf 83' lang='lat' dir='ltr'><strong>precibus</strong></span> <span class='ocrx_word' id='word_1_140' title='bbox 761 2241 841 2305; x_wconf 88' lang='lat' dir='ltr'><strong>meis</strong></span> <span class='ocrx_word' id='word_1_141' title='bbox 872 2263 910 2305; x_wconf 90' lang='lat' dir='ltr'><strong>ex</strong></span> <span class='ocrx_word' id='word_1_142' title='bbox 940 2240 1171 2305; x_wconf 80' lang='lat' dir='ltr'><strong>consuetudine</strong></span> 
     </span>
    </p>

    <p class='ocr_par' dir='ltr' id='par_1_6' title="bbox 124 2328 1173 2503">
     <span class='ocr_line' id='line_1_22' title="bbox 124 2328 1171 2416; baseline -0.005 -18"><span class='ocrx_word' id='word_1_143' title='bbox 124 2350 140 2398; x_wconf 80' lang='lat'>2</span> <span class='ocrx_word' id='word_1_144' title='bbox 160 2331 313 2396; x_wconf 88' lang='lat' dir='ltr'><strong>bonitatis</strong></span> <span class='ocrx_word' id='word_1_145' title='bbox 333 2334 406 2394; x_wconf 90' lang='lat' dir='ltr'><strong>tuae</strong></span> <span class='ocrx_word' id='word_1_146' title='bbox 425 2330 602 2395; x_wconf 90' lang='lat' dir='ltr'><strong>indulseris.</strong></span> <span class='ocrx_word' id='word_1_147' title='bbox 626 2331 719 2416; x_wconf 86' lang='lat' dir='ltr'><strong>Rogo</strong></span> <span class='ocrx_word' id='word_1_148' title='bbox 739 2352 824 2415; x_wconf 89' lang='lat' dir='ltr'><strong>ergO,</strong></span> <span class='ocrx_word' id='word_1_149' title='bbox 840 2333 875 2394; x_wconf 90' lang='lat' dir='ltr'><strong>ut</strong></span> <span class='ocrx_word' id='word_1_150' title='bbox 893 2329 1082 2412; x_wconf 88' lang='lat' dir='ltr'><strong>propinquis</strong></span> <span class='ocrx_word' id='word_1_151' title='bbox 1102 2328 1171 2393; x_wconf 87' lang='lat' dir='ltr'><strong>eius</strong></span> 
     </span>
     <span class='ocr_line' id='line_1_23' title="bbox 160 2415 1173 2503; baseline -0.004 -18"><span class='ocrx_word' id='word_1_152' title='bbox 160 2422 214 2485; x_wconf 90' lang='lat' dir='ltr'><strong>des</strong></span> <span class='ocrx_word' id='word_1_153' title='bbox 247 2420 423 2502; x_wconf 78' lang='lat' dir='ltr'><strong>civitatem,</strong></span> <span class='ocrx_word' id='word_1_154' title='bbox 456 2417 635 2503; x_wconf 78' lang='lat' dir='ltr'><strong>Chrysippo</strong></span> <span class='ocrx_word' id='word_1_155' title='bbox 663 2419 859 2484; x_wconf 86' lang='lat' dir='ltr'><strong>Mithridatis</strong></span> <span class='ocrx_word' id='word_1_156' title='bbox 892 2418 1048 2501; x_wconf 87' lang='lat' dir='ltr'><strong>uxorique</strong></span> <span class='ocrx_word' id='word_1_157' title='bbox 1072 2415 1173 2501; x_wconf 78' lang='lat' dir='ltr'><strong>Chry-</strong></span> 
     </span>
    </p>
   </div>
   <div class='ocr_carea' id='block_1_5' title="bbox 160 2505 1212 2949">
    <p class='ocr_par' dir='ltr' id='par_1_7' title="bbox 160 2505 1212 2949">
     <span class='ocr_line' id='line_1_24' title="bbox 161 2505 1173 2594; baseline -0.004 -20"><span class='ocrx_word' id='word_1_158' title='bbox 161 2511 254 2594; x_wconf 89' lang='lat' dir='ltr'><strong>sippi,</strong></span> <span class='ocrx_word' id='word_1_159' title='bbox 278 2508 477 2573; x_wconf 82' lang='lat' dir='ltr'><strong>Stratonicae</strong></span> <span class='ocrx_word' id='word_1_160' title='bbox 499 2507 650 2594; x_wconf 84' lang='lat' dir='ltr'><strong>Epigoni,</strong></span> <span class='ocrx_word' id='word_1_161' title='bbox 673 2509 750 2572; x_wconf 90' lang='lat' dir='ltr'><strong>item</strong></span> <span class='ocrx_word' id='word_1_162' title='bbox 773 2509 883 2572; x_wconf 90' lang='lat' dir='ltr'><strong>liberis</strong></span> <span class='ocrx_word' id='word_1_163' title='bbox 907 2507 1048 2571; x_wconf 90' lang='lat' dir='ltr'><strong>eiusdem</strong></span> <span class='ocrx_word' id='word_1_164' title='bbox 1073 2505 1173 2589; x_wconf 80' lang='lat' dir='ltr'><strong>Ohry-</strong></span> 
     </span>
     <span class='ocr_line' id='line_1_25' title="bbox 160 2596 1212 2683; baseline 0 -21"><span class='ocrx_word' id='word_1_165' title='bbox 160 2599 259 2682; x_wconf 89' lang='lat' dir='ltr'><strong>sippi,</strong></span> <span class='ocrx_word' id='word_1_166' title='bbox 290 2597 440 2683; x_wconf 82' lang='lat' dir='ltr'><strong>Epigono</strong></span> <span class='ocrx_word' id='word_1_167' title='bbox 473 2600 505 2660; x_wconf 99' lang='lat' dir='ltr'><strong>et</strong></span> <span class='ocrx_word' id='word_1_168' title='bbox 536 2596 732 2681; x_wconf 86' lang='lat' dir='ltr'><strong>Mithridati,</strong></span> <span class='ocrx_word' id='word_1_169' title='bbox 763 2598 808 2661; x_wconf 92' lang='lat' dir='ltr'><strong>ita</strong></span> <span class='ocrx_word' id='word_1_170' title='bbox 839 2602 876 2661; x_wconf 91' lang='lat' dir='ltr'><strong>ut</strong></span> <span class='ocrx_word' id='word_1_171' title='bbox 909 2598 973 2661; x_wconf 91' lang='lat' dir='ltr'><strong>sint</strong></span> <span class='ocrx_word' id='word_1_172' title='bbox 1003 2596 1038 2659; x_wconf 91' lang='lat' dir='ltr'><strong>in</strong></span> <span class='ocrx_word' id='word_1_173' title='bbox 1069 2596 1212 2679; x_wconf 72' lang='lat' dir='ltr'><strong>patrisso</strong></span> 
     </span>
     <span class='ocr_line' id='line_1_26' title="bbox 160 2687 1172 2771; baseline -0.002 -20"><span class='ocrx_word' id='word_1_174' title='bbox 160 2691 330 2771; x_wconf 90' lang='lat' dir='ltr'><strong>potestate,</strong></span> <span class='ocrx_word' id='word_1_175' title='bbox 347 2689 447 2769; x_wconf 91' lang='lat' dir='ltr'><strong>utque</strong></span> <span class='ocrx_word' id='word_1_176' title='bbox 465 2687 504 2750; x_wconf 89' lang='lat' dir='ltr'><strong>iis</strong></span> <span class='ocrx_word' id='word_1_177' title='bbox 523 2688 558 2750; x_wconf 92' lang='lat' dir='ltr'><strong>in</strong></span> <span class='ocrx_word' id='word_1_178' title='bbox 571 2687 703 2751; x_wconf 87' lang='lat' dir='ltr'><strong>libertos</strong></span> <span class='ocrx_word' id='word_1_179' title='bbox 724 2690 867 2750; x_wconf 85' lang='lat' dir='ltr'><strong>servetur</strong></span> <span class='ocrx_word' id='word_1_180' title='bbox 884 2687 933 2749; x_wconf 93' lang='lat' dir='ltr'><strong>ius</strong></span> <span class='ocrx_word' id='word_1_181' title='bbox 952 2689 1172 2769; x_wconf 87' lang='lat' dir='ltr'><strong>patronorum.</strong></span> 
     </span>
     <span class='ocr_line' id='line_1_27' title="bbox 160 2771 1173 2861; baseline -0.003 -21"><span class='ocrx_word' id='word_1_182' title='bbox 160 2776 243 2840; x_wconf 89' lang='lat' dir='ltr'><strong>Item</strong></span> <span class='ocrx_word' id='word_1_183' title='bbox 273 2797 370 2861; x_wconf 86' lang='lat' dir='ltr'><strong>roge,</strong></span> <span class='ocrx_word' id='word_1_184' title='bbox 402 2775 567 2860; x_wconf 88' lang='lat' dir='ltr'><strong>indulgeas</strong></span> <span class='ocrx_word' id='word_1_185' title='bbox 602 2776 651 2840; x_wconf 90' lang='lat' dir='ltr'><strong>ius</strong></span> <span class='ocrx_word' id='word_1_186' title='bbox 683 2775 855 2852; x_wconf 83' lang='lat' dir='ltr'><strong>Quiritium</strong></span> <span class='ocrx_word' id='word_1_187' title='bbox 885 2774 920 2839; x_wconf 89' lang='lat' dir='ltr'><strong>L.</strong></span> <span class='ocrx_word' id='word_1_188' title='bbox 949 2773 1054 2838; x_wconf 84' lang='lat' dir='ltr'><strong>Satrio</strong></span> <span class='ocrx_word' id='word_1_189' title='bbox 1087 2771 1173 2838; x_wconf 82' lang='lat' dir='ltr'><strong>Aba·</strong></span> 
     </span>
     <span class='ocr_line' id='line_1_28' title="bbox 162 2862 1173 2949; baseline -0.002 -21"><span class='ocrx_word' id='word_1_190' title='bbox 162 2868 272 2928; x_wconf 86' lang='lat' dir='ltr'><strong>seanto</strong></span> <span class='ocrx_word' id='word_1_191' title='bbox 296 2868 328 2928; x_wconf 90' lang='lat' dir='ltr'><strong>et</strong></span> <span class='ocrx_word' id='word_1_192' title='bbox 351 2864 385 2928; x_wconf 94' lang='lat' dir='ltr'><strong>P.</strong></span> <span class='ocrx_word' id='word_1_193' title='bbox 410 2862 519 2929; x_wconf 81' lang='lat' dir='ltr'><strong>Caesio</strong></span> <span class='ocrx_word' id='word_1_194' title='bbox 543 2864 733 2949; x_wconf 90' lang='lat' dir='ltr'><strong>Phosphoro</strong></span> <span class='ocrx_word' id='word_1_195' title='bbox 758 2868 790 2928; x_wconf 92' lang='lat' dir='ltr'><strong>et</strong></span> <span class='ocrx_word' id='word_1_196' title='bbox 812 2863 991 2928; x_wconf 82' lang='lat' dir='ltr'><strong>Anehariae</strong></span> <span class='ocrx_word' id='word_1_197' title='bbox 1016 2862 1173 2948; x_wconf 83' lang='lat' dir='ltr'><strong>Soteridi3</strong></span> 
     </span>
    </p>
   </div>
   <div class='ocr_carea' id='block_1_6' title="bbox 163 2954 821 3037">
    <p class='ocr_par' dir='ltr' id='par_1_8' title="bbox 163 2954 821 3037">
     <span class='ocr_line' id='line_1_29' title="bbox 163 2954 821 3037; baseline 0.002 -20"><span class='ocrx_word' id='word_1_198' title='bbox 163 2954 249 3037; x_wconf 92' lang='lat' dir='ltr'><strong>quod</strong></span> <span class='ocrx_word' id='word_1_199' title='bbox 272 2958 344 3017; x_wconf 89' lang='lat' dir='ltr'><strong>ate</strong></span> <span class='ocrx_word' id='word_1_200' title='bbox 367 2954 548 3018; x_wconf 85' lang='lat' dir='ltr'><strong>volentibus</strong></span> <span class='ocrx_word' id='word_1_201' title='bbox 571 2955 714 3037; x_wconf 87' lang='lat' dir='ltr'><strong>patronis</strong></span> <span class='ocrx_word' id='word_1_202' title='bbox 737 2957 821 3036; x_wconf 85' lang='lat' dir='ltr'><strong>pete.</strong></span> 
     </span>
    </p>
   </div>
   <div class='ocr_carea' id='block_1_7' title="bbox 361 3087 1215 3242">
    <p class='ocr_par' dir='ltr' id='par_1_9' title="bbox 361 3087 1215 3242">
     <span class='ocr_line' id='line_1_30' title="bbox 573 3087 1215 3173; baseline 0.003 -22"><span class='ocrx_word' id='word_1_203' title='bbox 573 3093 638 3151; x_wconf 89' lang='lat' dir='ltr'>XII.</span> <span class='ocrx_word' id='word_1_204' title='bbox 663 3087 759 3173; x_wconf 83' lang='lat' dir='ltr'>[VII]</span> <span class='ocrx_word' id='word_1_205' title='bbox 1187 3111 1215 3153; x_wconf 83' lang='lat' dir='ltr'><strong>ao</strong></span> 
     </span>
     <span class='ocr_line' id='line_1_31' title="bbox 361 3191 975 3242; baseline -0.005 -1"><span class='ocrx_word' id='word_1_206' title='bbox 361 3194 389 3241; x_wconf 88' lang='lat' dir='ltr'><strong>O.</strong></span> <span class='ocrx_word' id='word_1_207' title='bbox 412 3194 550 3242; x_wconf 75' lang='lat' dir='ltr'>PLINIUS</span> <span class='ocrx_word' id='word_1_208' title='bbox 575 3193 727 3241; x_wconf 77' lang='lat' dir='ltr'>TRAIANO</span> <span class='ocrx_word' id='word_1_209' title='bbox 751 3191 975 3240; x_wconf 79' lang='lat' dir='ltr'>IIIPIIRATORI.</span> 
     </span>
    </p>
   </div>
   <div class='ocr_carea' id='block_1_8' title="bbox 129 3272 1176 3448">
    <p class='ocr_par' dir='ltr' id='par_1_10' title="bbox 129 3272 1176 3448">
     <span class='ocr_line' id='line_1_32' title="bbox 129 3272 1175 3359; baseline -0.005 -18"><span class='ocrx_word' id='word_1_210' title='bbox 129 3293 143 3341; x_wconf 91' lang='lat'>1</span> <span class='ocrx_word' id='word_1_211' title='bbox 231 3274 320 3359; x_wconf 79' lang='lat' dir='ltr'><strong>scio,</strong></span> <span class='ocrx_word' id='word_1_212' title='bbox 353 3276 493 3358; x_wconf 90' lang='lat' dir='ltr'><strong>domine,</strong></span> <span class='ocrx_word' id='word_1_213' title='bbox 524 3276 696 3340; x_wconf 90' lang='lat' dir='ltr'><strong>memoriae</strong></span> <span class='ocrx_word' id='word_1_214' title='bbox 724 3279 810 3357; x_wconf 90' lang='lat' dir='ltr'><strong>tuae,</strong></span> <span class='ocrx_word' id='word_1_215' title='bbox 843 3276 995 3357; x_wconf 86' lang='lat' dir='ltr'><strong>quaeest</strong></span> <span class='ocrx_word' id='word_1_216' title='bbox 1024 3273 1105 3337; x_wconf 89' lang='lat' dir='ltr'><strong>bene</strong></span> <span class='ocrx_word' id='word_1_217' title='bbox 1128 3272 1175 3336; x_wconf 88' lang='lat' dir='ltr'><strong>fa·</strong></span> 
     </span>
     <span class='ocr_line' id='line_1_33' title="bbox 164 3360 1176 3448; baseline -0.004 -18"><span class='ocrx_word' id='word_1_218' title='bbox 164 3365 268 3431; x_wconf 84' lang='lat' dir='ltr'><strong>ciendi</strong></span> <span class='ocrx_word' id='word_1_219' title='bbox 291 3365 501 3448; x_wconf 87' lang='lat' dir='ltr'><strong>tanaeissima,</strong></span> <span class='ocrx_word' id='word_1_220' title='bbox 523 3384 632 3448; x_wconf 82' lang='lat' dir='ltr'><strong>preces</strong></span> <span class='ocrx_word' id='word_1_221' title='bbox 656 3367 781 3428; x_wconf 87' lang='lat' dir='ltr'><strong>nostras</strong></span> <span class='ocrx_word' id='word_1_222' title='bbox 804 3363 975 3427; x_wconf 89' lang='lat' dir='ltr'><strong>inhaerere.</strong></span> <span class='ocrx_word' id='word_1_223' title='bbox 1023 3360 1105 3437; x_wconf 83' lang='lat' dir='ltr'><strong>Quia</strong></span> <span class='ocrx_word' id='word_1_224' title='bbox 1128 3365 1176 3426; x_wconf 88' lang='lat' dir='ltr'><strong>ta·</strong></span> 
     </span>
    </p>
   </div>
   <div class='ocr_carea' id='block_1_9' title="bbox 130 3501 1177 3651">
    <p class='ocr_par' dir='ltr' id='par_1_11' title="bbox 130 3501 1177 3651">
     <span class='ocr_line' id='line_1_34' title="bbox 221 3501 1177 3578; baseline -0.016 -13"><span class='ocrx_word' id='word_1_225' title='bbox 221 3511 256 3558; x_wconf 91' lang='grc'><strong>11</strong></span> <span class='ocrx_word' id='word_1_226' title='bbox 278 3506 431 3577; x_wconf 77' lang='grc' dir='ltr'><em>μεμφύτου</em></span> <span class='ocrx_word' id='word_1_227' title='bbox 450 3526 482 3576; x_wconf 83' lang='lat' dir='ltr'><strong>a,</strong></span> <span class='ocrx_word' id='word_1_228' title='bbox 507 3514 597 3578; x_wconf 76' lang='grc' dir='ltr'><strong>νομοῦ</strong></span> <span class='ocrx_word' id='word_1_229' title='bbox 619 3508 801 3576; x_wconf 67' lang='grc' dir='ltr'><strong>Μεμφιτικοῖ)</strong></span> <span class='ocrx_word' id='word_1_230' title='bbox 822 3501 976 3568; x_wconf 53' lang='lat' dir='ltr'><strong>Haupt„</strong></span> <span class='ocrx_word' id='word_1_231' title='bbox 989 3501 1060 3552; x_wconf 77' lang='lat' dir='ltr'>III.</span> <span class='ocrx_word' id='word_1_232' title='bbox 1141 3505 1177 3552; x_wconf 76' lang='lat' dir='ltr'><strong>‘Is</strong></span> 
     </span>
     <span class='ocr_line' id='line_1_35' title="bbox 130 3572 783 3651; baseline 0.006 -24"><span class='ocrx_word' id='word_1_233' title='bbox 130 3572 260 3633; x_wconf 70' lang='lat' dir='ltr'><strong>nachar.</strong></span> <span class='ocrx_word' id='word_1_234' title='bbox 285 3582 422 3640; x_wconf 82' lang='lat' dir='ltr'><strong>Momms.</strong></span> <span class='ocrx_word' id='word_1_235' title='bbox 445 3581 518 3651; x_wconf 73' lang='lat' dir='ltr'><strong>iad,</strong></span> <span class='ocrx_word' id='word_1_236' title='bbox 539 3579 685 3637; x_wconf 87' lang='lat' dir='ltr'><strong>Panohar.</strong></span> <span class='ocrx_word' id='word_1_237' title='bbox 705 3578 783 3649; x_wconf 78' lang='lat' dir='ltr'><strong>ootp.</strong></span> 
     </span>
    </p>
   </div>
   <div class='ocr_carea' id='block_1_10' title="bbox 0 0 1258 3862">
    <p class='ocr_par' dir='ltr' id='par_1_12' title="bbox 0 0 1258 3862">
     <span class='ocr_line' id='line_1_36' title="bbox 0 0 1258 3862; baseline 0 0"><span class='ocrx_word' id='word_1_238' title='bbox 0 0 1258 3862; x_wconf 95' lang='lat' dir='ltr'><strong> </strong></span> 
     </span>
    </p>
   </div>
  </div>
 </body>
</html>
