2506 3862
59 242 63 247 ·
146 220 209 284 148
581 217 608 273 o.
628 218 728 272 rursu

145 383 283 448 tilicium
293 383 356 446 hoc
365 383 427 467 iffi,
446 386 494 446 est
509 383 594 446 enim
608 383 774 466 municeps
788 382 936 466 Properti
950 386 1046 465 atque
1062 379 1159 445 etiam

110 472 229 537 ainter
252 473 388 536 maiores
412 493 487 536 suos
512 470 717 555 Propertium
740 476 895 536 numerat.
937 469 1061 535 Iseum
1081 472 1158 535 reci-

145 565 239 644 taret,
261 563 307 624 ita
330 561 437 643 coepit
460 561 577 624 dicere:
601 560 730 643 ‘Prisce
753 560 865 626 iubes'.
909 559 962 623 Ad
984 559 1047 625 hoc
1068 558 1158 624 Iavo-

144 651 236 715 lenus
266 649 394 714 Priscus
431 647 554 736 (aderat
591 651 676 714 enirn
713 654 750 714 ut
777 648 878 714 Paulo
916 647 1158 733 amicissimus):

146 739 229 824 ‘Ego
248 759 324 803 vero
347 761 413 802 non
430 738 547 803 iubeo'.
581 737 704 824 Cogita,
728 739 784 821 qui
801 740 884 803 risus
902 739 1080 820 hominum,
1103 739 1159 820 qui
1188 765 1199 804 s

111 829 217 893 3ioci.
271 827 332 892 Est
364 828 495 892 omnino
522 827 651 893 Priscus
684 827 799 892 dubiae
827 828 994 912 sanitatis,
1026 829 1159 891 interest

145 922 254 984 tamen
277 918 406 1000 officiis,
435 916 607 981 adhibetur
630 917 772 982 consiliis
797 921 893 1000 atquo
923 917 1019 980 etiam
1043 918 1093 980 ius
1118 917 1158 980 ci-

146 1008 209 1071 vile
228 1006 356 1089 publice
375 1005 555 1089 respondet.
586 1004 656 1082 Quo
680 1007 792 1090 magis,
816 1005 903 1089 quod
921 1010 998 1069 tunc
1017 1005 1104 1088 fecit,
1127 1010 1160 1070 et

111 1096 316 1160 4ridiculum
340 1099 372 1159 et
394 1095 536 1159 notabile
559 1096 632 1160 fuit.
674 1093 808 1160 Interim
831 1095 933 1159 Paulo
957 1095 1060 1159 aliena
1084 1096 1159 1160 deli-

146 1185 229 1249 ratio
258 1185 458 1267 aliquantum
486 1184 617 1270 frigoris
641 1185 759 1249 attulit.
805 1183 885 1249 Tam
913 1183 1051 1248 sollicite
1079 1185 1159 1248 reci·
1174 1210 1199 1251 ro

147 1274 262 1338 tataris
288 1273 521 1356 providendum
550 1278 606 1358 est,
629 1295 696 1338 non
718 1275 823 1337 solum
838 1278 875 1338 ut
903 1274 967 1337 sint
993 1274 1056 1357 ipsi
1080 1274 1159 1356 sani,

146 1384 257 1426 verum
281 1362 377 1427 etiam
400 1367 437 1427 ut
460 1384 554 1426 sanos
579 1362 759 1427 adhibeant.
805 1361 896 1426 Vale.

613 1508 692 1568 XVI.

411 1609 439 1657 o.
462 1609 601 1657 rannus
627 1609 754 1658 raorro
779 1609 843 1658 suo
868 1610 894 1658 s.

114 1718 127 1766 1
214 1699 315 1783 Petis,
347 1704 384 1764 ut
415 1701 476 1765 tibi
508 1701 658 1764 avrmculi
685 1699 749 1764 mei
773 1701 894 1764 exitum
918 1699 1071 1783 scribam,
1094 1722 1158 1782 quo
1174 1727 1199 1767 15

148 1791 254 1854 verius
277 1789 401 1854 tradere
424 1790 561 1873 posteris
580 1790 692 1873 possis.
727 1788 852 1854 Gratias
872 1809 949 1874 ago,
971 1811 1046 1853 nam
1065 1789 1158 1853 video

148 1880 245 1943 morti
277 1880 363 1962 eius,
383 1879 422 1960 ¹si
452 1878 629 1943 celebretur
658 1902 677 1942 a
704 1884 754 1962 te,
786 1879 989 1942 inmortalem
1022 1878 1158 1962 gloriam

113 1984 128 2032 2
149 1989 217 2032 esse
240 1969 447 2051 propositam.
479 1965 631 2043 Quamvis
655 1969 740 2031 enim
763 1967 1051 2050 pulcherrimarum
1070 1967 1158 2031 clade

147 2060 304 2120 terrarum
326 2060 363 2120 ut
386 2057 512 2140 populi,
542 2061 579 2119 ut
606 2057 701 2120 urbes
734 2057 935 2120 memorabili
963 2077 1039 2120 casu
1066 2057 1158 2138 quasi

147 2167 273 2228 semper
295 2145 438 2208 victurus
463 2145 623 2228 occiderit,
647 2147 793 2227 quamvis
816 2147 885 2229 ipse
903 2147 1043 2229 plurima
1062 2167 1158 2228 opera
1173 2171 1199 2211 so

148 2238 180 2297 et
216 2255 366 2297 mansura
402 2233 594 2316 condiderit,
630 2235 769 2298 multum
806 2239 915 2299 tamen
951 2235 1159 2317 perpetuitati

112 2323 216 2387 seius
248 2323 440 2405 scriptorum
475 2327 605 2387 tuorum
643 2324 813 2387 aeternitas
850 2324 953 2387 addet.
998 2323 1158 2406 Equidem

147 2411 259 2476 beatos
290 2415 380 2494 pute,
408 2410 524 2493 quibus
555 2412 687 2475 deorum
720 2433 851 2476 munere
881 2412 991 2477 datum
1024 2416 1073 2476 est
1103 2416 1159 2476 aut

147 2492 252 2566 facere
271 2499 437 2565 scribenda
455 2504 512 2564 aut
530 2501 667 2564 scribere
685 2500 829 2585 legenda,
852 2500 1053 2565 beatissimos
1072 2523 1158 2583 vero,

148 2591 265 2672 quibus
288 2593 468 2671 utrumque.
514 2588 639 2653 Horum
663 2591 698 2652 in
715 2612 848 2654 numero
868 2591 1045 2655 avunculus
1068 2613 1157 2654 meus
1172 2617 1198 2657 ss

148 2684 180 2742 et
203 2681 268 2743 suis
291 2678 383 2743 libris
407 2683 439 2742 et
461 2680 526 2742 tuis
550 2679 617 2743 erit.
660 2676 730 2754 Quo
753 2679 906 2743 libentius
929 2680 1083 2762 suscipio,
1106 2679 1158 2743 de-

147 2788 245 2850 posco
269 2768 374 2851 etiam,
399 2768 485 2851 quod
508 2768 658 2853 iniungis.

113 2872 130 2918 4
214 2855 295 2921 Erat
318 2857 433 2920 Miseni
462 2857 659 2940 classemque
686 2857 821 2940 imperio
845 2878 994 2940 praesens
1016 2857 1157 2942 regebat.

150 2943 282 3008 Nonum
301 2945 372 3008 Kal.
392 2943 594 3028 Septembres
617 2946 697 3009 hora
719 2946 785 3009 fere
809 2946 945 3029 septima
967 2950 1069 3009 mater
1087 2968 1158 3009 mea

151 3033 270 3097 indicat
298 3034 327 3097 ei
356 3056 508 3117 apparere
537 3034 655 3099 nubem
683 3036 847 3098 invisitata
876 3039 908 3098 et
937 3035 1198 3118 magnitudinem

113 3139 129 3187 5
149 3126 181 3186 et
200 3122 311 3205 specie.
340 3120 425 3186 Usus
444 3124 499 3187 ille
518 3125 593 3206 sole,
616 3145 693 3187 mox
714 3124 831 3208 frigida
849 3128 1033 3208 gustaverat
1051 3125 1157 3189 iacens

149 3210 373 3294 studebatque3
405 3213 510 3294 poscit
542 3213 657 3296 soleas,
694 3212 836 3276 ascendit
867 3213 989 3295 locum,
1021 3235 1060 3275 ex
1093 3234 1156 3296 quo

148 3300 286 3364 maxime
309 3300 499 3365 miraculum
522 3302 603 3365 illud
626 3302 769 3385 conspici
791 3305 925 3385 poterat.
968 3300 1089 3384 Nubes,
1112 3303 1159 3365 in·

149 3394 271 3453 certum
293 3389 408 3472 procul
435 3390 648 3473 intuentibus,
680 3412 720 3454 ex
743 3412 806 3473 quo
834 3394 943 3455 monte
967 3389 1157 3477 (Vesuvium

125 3523 166 3530 ῃ,

178 3594 219 3640 30
239 3592 354 3653 music.
376 3603 424 3670 M,
446 3603 550 3663 inusit.
570 3607 692 3680 Dpra‚
712 3605 763 3676 K„
783 3603 847 3664 ooo
863 3606 925 3659 190·
