2506 3862
579 207 726 264 Cssffl

327 500 363 574 o.
390 500 524 573 surm
553 500 741 581 Onnum
769 501 975 575 suenum

289 658 1010 762 EPISTULARUM

484 871 616 936 LIBER
640 869 815 937 SEXTUS.

639 1109 663 1168 I.

399 1209 441 1281 o.
465 1209 604 1257 nunnus
629 1209 750 1257 rmour
773 1209 838 1257 suo
864 1209 889 1258 s.
1155 1177 1160 1187 ¹
1185 1220 1198 1261 s

107 1316 122 1365 1
209 1298 312 1375 Quam
334 1300 390 1363 diu
413 1321 473 1384 ego
496 1304 585 1364 trans
608 1298 745 1383 Padum,
772 1303 809 1364 tu
836 1300 871 1364 in
893 1299 1025 1384 Piceno,
1048 1299 1155 1365 minus

141 1393 174 1453 te
206 1388 421 1473 requirebam,
453 1392 625 1472 postquam
659 1410 719 1474 ego
747 1389 782 1452 in
808 1390 901 1473 urbe,
928 1393 966 1453 tu
994 1389 1099 1454 adhuc
1121 1391 1156 1454 in

109 1524 115 1536 .
141 1477 274 1560 Piceno,
297 1476 400 1542 multo
426 1478 544 1562 magis,
572 1499 628 1542 seu
656 1478 743 1560 quod
770 1478 840 1561 ipsa
862 1479 949 1561 loca,
976 1479 1011 1543 in
1039 1479 1155 1563 quibus

142 1588 210 1631 esse
233 1589 298 1630 una
321 1566 469 1650 solemus,
488 1567 593 1631 acrius
615 1588 667 1630 me
687 1566 737 1631 tui
760 1570 974 1651 commonent,
993 1590 1049 1632 seu
1068 1567 1156 1652 quod

142 1655 334 1720 desiderium
357 1655 539 1720 absentium
561 1655 644 1719 nihil
666 1656 799 1739 perinde
827 1678 863 1720 ao
886 1657 1035 1723 vicinitas
1059 1658 1154 1747 acuit,
1170 1684 1195 1723 ιο

78 1804 81 1808 ,
142 1767 269 1830 qnoque
292 1746 424 1828 propius
448 1746 619 1809 accesseris
638 1745 678 1809 ad
701 1767 790 1828 spem
813 1745 950 1826 fruendi,
968 1746 1031 1810 hoc
1054 1747 1155 1830 impa-

105 1835 275 1899 ctientius
308 1854 422 1899 careas.
478 1833 641 1918 Quidquid
669 1834 704 1898 in
736 1856 844 1917 causa,
876 1836 963 1918 eripe
995 1856 1047 1899 me
1078 1835 1155 1900 huic

141 1927 316 2008 tormento,
340 1925 421 2008 veni,
445 1926 501 1987 aut
524 1944 584 2009 ego
607 1923 699 2006 illuc,
725 1924 810 1987 unde
837 1925 1017 1989 inconsulte
1040 1946 1155 2008 prope-

141 2013 219 2096 ravi,
241 2016 383 2076 revertar
405 2013 456 2076 vel
480 2012 521 2076 ob
544 2013 607 2077 hoc
630 2013 744 2095 solum,
767 2016 804 2076 ut
827 2014 980 2096 experiar,
999 2035 1041 2077 an
1063 2014 1154 2097 mihi,

142 2122 216 2165 cum
240 2101 307 2164 sine
330 2123 381 2165 me
405 2100 527 2165 Romae
551 2103 692 2185 coeperis
716 2123 793 2185 esse,
817 2100 937 2167 similes
960 2103 1011 2167 his
1035 2104 1153 2186 epistu·
1169 2129 1194 2169 15

141 2190 189 2253 las
212 2190 331 2254 mittas.
377 2188 466 2254 Vale.
631 2283 662 2340 Π

398 2383 426 2431 0.
449 2383 588 2431 PLINIUS
611 2383 764 2431 ARRIANO
789 2385 854 2433 SUO
879 2385 905 2433 S.

107 2492 121 2541 1
209 2473 303 2539 Soleo
331 2496 398 2539 non
424 2495 601 2556 numquam
628 2475 664 2537 in
689 2474 816 2539 iudiciis
845 2497 995 2559 quaerere
1027 2474 1069 2539 M.
1094 2474 1154 2540 Re

106 2582 122 2628 a
141 2565 263 2649 gulum,
286 2564 362 2628 nolo
386 2564 472 2628 enim
495 2563 598 2627 dicere
618 2562 803 2628 desiderare.
835 2562 899 2628 Cur
917 2585 994 2649 ergo
1014 2565 1154 2647 quaero?
1169 2590 1196 2630 ao

141 2651 289 2717 Habebat
313 2651 428 2716 studiis
451 2652 616 2735 honorem,
639 2651 782 2737 timebat,
805 2653 956 2736 pallebat,
986 2652 1154 2737 scribebat,

142 2742 288 2824 quamvis
302 2763 369 2805 non
381 2745 490 2824 posset
505 2740 651 2805 ediscere.
683 2738 768 2805 Illud
786 2741 902 2825 ipsum,
918 2742 1005 2824 quod
1024 2743 1154 2806 oculum

141 2829 237 2893 modo
258 2830 415 2913 dextrum,
431 2829 527 2893 modo
547 2830 712 2893 sinistrum
731 2831 983 2914 circumlinebat,
998 2832 1154 2915 dextrum,

140 2919 168 2982 si
183 2941 202 2982 a
216 2919 362 3001 petitore,
377 2920 522 3002 alterum,
537 2920 564 2983 si
583 2941 602 2982 a
619 2939 801 3002 possessore
816 2924 899 2984 esset
914 2924 1052 3004 acturus,
1068 2921 1155 3003 quod

141 3007 312 3072 candidum
340 3007 499 3091 splenium
527 3007 561 3071 in
588 3007 650 3072 hoo
682 3010 739 3070 aut
769 3009 804 3071 in
835 3008 915 3073 illud
947 3010 1154 3093 supercilium
1170 3035 1196 3076 as

140 3095 367 3179 transferebat,
400 3097 487 3179 quod
519 3118 645 3179 semper
680 3096 864 3181 haruspices
897 3099 1084 3163 consulebat
1116 3098 1155 3162 de

142 3185 277 3249 actionis
301 3189 427 3267 eventu,
449 3208 468 3248 a
490 3185 591 3249 nimia
614 3186 851 3269 superstitione,
870 3186 926 3250 sed
948 3191 1057 3252 tamen
1080 3191 1113 3252 et
1137 3211 1155 3252 a

105 3289 121 3338 3
141 3296 259 3360 magno
283 3274 463 3338 studiorum
486 3274 608 3339 honore
631 3275 788 3339 veniebat.
829 3273 896 3339 lam
920 3276 977 3340 illa
999 3299 1154 3360 perquam

141 3364 280 3428 iucunda
302 3386 367 3428 una
391 3363 580 3448 dicentibus,
605 3363 691 3446 quod
713 3362 815 3427 libera
842 3368 989 3449 tempora
1015 3365 1156 3449 petebat,

131 3452 225 3527 qnod
239 3453 411 3518 audituros
431 3452 630 3539 corrogabat.
659 3451 747 3528 Quid·
761 3453 846 3565 enirn
865 3453 1036 3519 iucundius
1057 3477 1153 3540 quam
1168 3482 1195 3522 ao

176 3588 217 3635 26
233 3589 284 3642 alt.
306 3591 338 3644 1'n
359 3609 413 3648 om.
435 3595 550 3667 Dpra.
