2506 3862
388 193 641 250 PANEGYRIOUS
661 199 822 250 roa-ea.
832 210 853 250 4.
1061 194 1124 260 369

183 355 305 433 Quodsi
329 357 455 442 quando
479 379 552 422 curn
575 357 782 422 influentibus
804 358 942 443 negotiis
969 359 1059 442 paria
1081 357 1175 425 fa81

116 447 199 527 cisti,
226 447 327 510 instar
353 445 536 511 refectionis
566 448 727 511 existimas
755 448 966 511 mutationem
991 448 1125 512 laboris.

118 534 205 610 Quae
233 536 317 598 enim
345 536 491 599 remissio
519 535 579 600 tibi
602 537 664 600 nisi
686 537 822 600 lustrare
846 535 956 618 saltus,
979 541 1125 601 excutere

117 624 275 688 cubilibus
289 623 382 707 feras,
401 645 549 708 superare
564 626 719 688 immensa
736 626 895 689 montium
914 625 990 710 iuga
1003 629 1035 689 et
1053 625 1126 689 hor-

89 712 261 778 arentibus
284 714 422 797 scopulis
445 713 580 799 gradum
600 714 716 778 inferre
738 714 859 777 nullius
882 736 988 797 manu,
1005 713 1125 778 nullius

116 803 253 888 vestigio
278 803 421 866 adiutum
445 807 541 886 atque
564 803 648 867 inter
670 803 749 868 haec
771 804 825 887 pia
847 807 953 867 mente
976 803 1062 866 adire
1080 804 1127 866 lu·

117 912 171 955 cos
204 895 236 955 et
268 913 434 957 occursare
463 892 671 956 numinibus?
713 890 798 956 Olim
825 891 903 956 haec
931 893 1160 975 experientiae

116 981 300 1064 iuventutis,
323 980 403 1046 haec
424 981 575 1064 voluptas
599 984 675 1064 erat,
693 980 743 1045 his
767 982 888 1045 artibus
907 981 1008 1044 futuri
1031 981 1125 1044 duces

117 1068 355 1151 imbuebantur,
377 1073 497 1134 certare
525 1091 598 1133 cum
626 1070 795 1155 fugacibus
822 1071 897 1134 feris
926 1089 1030 1152 eursu,
1053 1091 1126 1134 cum

77 1183 104 1224 ro
117 1158 288 1223 audacibus
307 1159 431 1241 robore,
450 1180 522 1222 oum
542 1159 665 1223 callidis
684 1161 769 1243 astu3
787 1180 846 1223 nec
861 1159 1019 1223 mediocre
1037 1160 1126 1242 pacis

117 1247 212 1311 decus
238 1247 416 1311 habebatur
444 1247 593 1311 submota
620 1249 741 1331 campis
769 1249 903 1331 irruptio
931 1249 1070 1312 ferarum
1095 1251 1127 1312 et

117 1335 281 1401 obsidione
305 1336 442 1419 quadam
465 1336 618 1401 liberatus
641 1337 815 1424 agrestium
843 1336 942 1401 labor.
984 1335 1126 1420 Usurpa-
1146 1354 1161 1401 3

115 1424 194 1489 bant
213 1425 348 1509 gloriam
367 1426 461 1489 istam
480 1426 528 1489 illi
547 1447 674 1510 quoque
692 1426 861 1509 principeS,
880 1427 935 1509 qui
954 1425 1042 1490 obire
1060 1447 1127 1491 non

116 1516 277 1598 poterant3
300 1515 498 1598 usurpabant
521 1518 627 1578 autem
651 1515 705 1598 ita,
728 1518 765 1578 ut
784 1514 921 1579 domitas
943 1514 1125 1598 fractasque

77 1628 102 1668 15
117 1602 262 1666 claustris
286 1603 368 1667 feras
392 1624 428 1666 ac
447 1603 559 1667 deinde
581 1605 616 1667 in
638 1605 782 1687 ipsorum
801 1603 929 1686 quidem
952 1603 1126 1668 ludibrium

116 1692 247 1755 emissas
259 1693 393 1756 mentita
407 1693 580 1777 sagacitate
595 1692 791 1777 colligerent.
810 1692 895 1756 Huic
909 1714 968 1776 par
982 1693 1128 1776 capiendi

117 1781 352 1864 quaerendique
380 1781 477 1845 sudor
508 1802 714 1864 summusque
746 1786 778 1846 et
810 1782 893 1845 idem
925 1782 1125 1867 gratissimus

115 1869 206 1933 labor
228 1870 378 1934 invenire.
415 1869 597 1952 Enimvem,
620 1872 647 1934 si
671 1871 797 1955 quando
816 1871 937 1954 placuit
955 1871 1040 1934 idern
1060 1888 1162 1935 cor-4

116 1959 203 2041 poris
225 1959 325 2023 robur
346 1959 381 2023 in
403 1960 503 2023 maria
525 1960 676 2043 proferre,
703 1981 769 2024 non
796 1961 851 2024 ille
874 1960 1034 2023 fluitantia
1056 1959 1127 2022 vela

76 2073 102 2113 ao
116 2051 172 2111 aut
195 2049 295 2112 oculis
314 2049 459 2131 sequitur
476 2052 532 2112 aut
550 2049 707 2132 manibus,
726 2049 782 2112 sed
798 2070 885 2113 nunc
902 2047 1126 2133 gubernaculis

116 2137 243 2220 assidet,
265 2159 351 2202 nunc
369 2158 441 2201 cum
460 2139 678 2202 valentissimo
698 2160 826 2222 quoque
844 2138 1002 2203 sodalium
1027 2141 1126 2201 certat

115 2225 263 2312 frangere
285 2227 412 2308 fluctus,
435 2227 590 2290 domitare
613 2231 725 2291 ventos
748 2228 940 2290 reluctantes
966 2229 1125 2309 remisque

115 2314 320 2380 transfretare
344 2316 505 2379 obstantia
527 2317 609 2379 freta
633 2320 788 2399 quantum
812 2315 975 2379 dissimilis
995 2315 1052 2397 illi,
1071 2315 1126 2398 qui

115 2427 182 2468 non
204 2402 323 2469 Albani
345 2404 433 2469 lacus
457 2405 559 2468 otium
581 2405 756 2488 Baianique
780 2408 942 2488 torporem
970 2407 1003 2467 et
1032 2402 1177 2468 aileu-82

76 2516 103 2556 aa
116 2495 196 2556 tium
221 2493 313 2577 ferre,
335 2515 401 2557 non
422 2495 553 2577 pulsum
576 2494 690 2557 saltem
713 2495 938 2578 fragoremque
965 2514 1127 2556 remorum

116 2584 241 2664 perpeti
264 2586 399 2666 poterat,
423 2584 501 2667 quin
523 2583 564 2647 ad
587 2584 730 2668 singulos
750 2584 832 2647 ictus
850 2583 939 2666 turpi
957 2581 1127 2646 formidine

116 2670 324 2735 horresceret!
361 2670 472 2755 Itaque
496 2673 670 2755 proculab
696 2673 783 2737 omni
812 2693 891 2736 sono
919 2673 1162 2735 inconcussusa

116 2759 185 2841 ipse
204 2762 236 2822 et
255 2761 405 2824 immotus
425 2761 560 2847 religato
579 2762 784 2845 revinctoque
803 2761 932 2847 navigio
951 2782 1018 2824 non
1037 2780 1126 2824 secus

117 2869 154 2911 ac
168 2847 330 2930 piaculum
344 2849 473 2932 aliquod
482 2849 677 2914 trahebatur.
696 2849 803 2914 Foeda
816 2850 922 2932 facies,
932 2871 1004 2914 cum
1015 2848 1128 2933 populi
1147 2865 1161 2912 3

76 2963 102 3002 so
116 2935 254 3000 Romani
268 2937 442 3020 imperator
455 2938 595 3002 alienum
612 2960 740 3003 cursum
755 2938 958 3023 alienumque
971 2943 1127 3002 rectorem

116 3027 205 3090 velut
224 3029 317 3109 capta
337 3047 417 3091 nave
437 3031 628 3111 sequeretur.
664 3027 734 3092 Neo
758 3028 959 3092 deformitate
982 3029 1044 3092 ista
1068 3025 1127 3091 sal-

115 3119 180 3179 tem
199 3115 333 3179 flumina
352 3115 510 3198 carebant,
528 3119 626 3200 atque
644 3118 741 3181 etiam
758 3117 926 3182 Danubius
945 3137 982 3181 ac
995 3116 1126 3180 Rhenus
1145 3133 1163 3179 4

188 3298 221 3345 14
240 3291 282 3344 ita
300 3292 378 3345 babet
392 3291 427 3356 A,
447 3297 527 3359 tamq.
546 3292 621 3347 insit.
636 3292 695 3346 edd.
769 3296 802 3343 23
821 3291 1003 3345 transfretare
1019 3291 1126 3355 Calan,

116 3362 267 3416 transferre
286 3363 371 3429 codd,
392 3361 535 3416 transilire
554 3364 601 3429 K,
624 3365 771 3416 transnare
791 3364 901 3429 Barba,
924 3361 1094 3415 transforare
1114 3361 1128 3414 .2

118 3438 151 3485 25
166 3434 195 3486 et
209 3439 241 3486 31
266 3432 361 3487 saltim
385 3434 486 3488 Bocbr.
565 3439 598 3486 28
627 3435 656 3487 et
678 3434 735 3487 iam
758 3434 879 3487 inmotus
903 3435 1020 3497 Barac,
1042 3432 1132 3507 etiam

116 3506 208 3556 motus
222 3506 298 3559 codd.
354 3511 386 3558 31
407 3506 462 3558 ista
476 3512 570 3561 cetero
586 3506 689 3562 Boclur.
742 3511 780 3558 ’ὁὶ
793 3502 1156 3572 atquaeumnmm

110 3575 212 3627 Baehr.
233 3606 268 3614 ——
286 3576 376 3633 Rhcn.
398 3580 547 3636 ostentum
564 3579 655 3636 illum
670 3577 770 3635 nostri
786 3577 901 3630 Bacbr.

153 3672 395 3722 Parsrzrrrsruaaa
993 3652 1040 3695 Ἃ
