2506 3862
140 233 204 298 146
573 231 601 287 0.
620 232 719 286 PLINI

140 397 285 480 aequale3
317 418 399 480 quae
427 397 554 482 singula
581 396 662 460 mihi
694 397 853 480 voluptati
885 396 1016 460 fuerunt
1053 398 1150 479 atque

140 487 224 568 inter
245 485 325 550 haee
347 486 436 569 illud,
455 485 542 569 quod
565 490 598 550 et
620 486 683 569 ipsi
706 507 758 549 me
781 490 817 550 ut
839 488 1004 562 rectorem,
1025 487 1062 548 ut
1085 507 1150 549 ma-

141 576 277 661 gistrum
296 574 505 639 intuebantur
522 579 555 639 et
572 574 621 658 iis,
641 574 697 657 qui
716 574 898 657 audiebant,
918 596 969 638 me
988 574 1152 657 aemulari,

105 665 220 728 amois
248 665 367 728 instare
394 664 540 749 vestigiis
572 663 771 728 videbantur.
817 660 844 726 Ο
877 663 962 727 diem
995 660 1151 749 (repetam

140 749 240 839 enim)
263 754 384 818 laetum
406 752 648 836 notandumque
666 752 748 817 mihi
769 751 994 816 candidissimo
1014 752 1151 816 calculo!
1179 776 1192 816 1

141 841 225 918 Quid
239 843 323 906 onim
343 845 399 906 aut
417 841 545 925 publico
558 842 674 906 laetius
694 863 789 924 quam
808 842 1002 905 clarissimos
1021 841 1151 906 iuvenes

140 953 258 995 nomen
281 934 313 994 et
335 931 455 995 famam
482 952 521 994 ex
543 931 658 996 studiis
681 934 790 1014 petere
817 934 874 994 aut
901 929 981 994 mihi
1010 931 1152 1013 optatius

141 1041 238 1103 quam
265 1040 317 1083 me
344 1020 385 1083 ad
410 1022 498 1083 recta
525 1018 729 1084 tendentibus
763 1019 856 1101 quasi
888 1020 1051 1102 exemplar
1083 1037 1153 1083 esse

104 1125 122 1172 4
141 1109 365 1193 propositum?
402 1107 495 1184 Quod
514 1109 666 1194 gaudium
685 1112 721 1172 ut
744 1112 899 1192 perpetuo
924 1109 1057 1194 capiam,
1076 1108 1152 1172 deos

143 1220 213 1282 0r03
237 1197 276 1262 ab
300 1197 401 1261 isdem
425 1200 507 1262 teste
529 1202 561 1261 te
584 1201 669 1282 peto,
691 1201 728 1261 ut
751 1199 864 1281 omnis,
884 1197 940 1281 qui
963 1219 1015 1261 me
1033 1197 1154 1261 imitari
1168 1220 1194 1261 10

141 1287 225 1353 tanti
247 1286 417 1370 putabunt,
443 1287 590 1351 meliores
614 1308 682 1350 esse
710 1308 807 1370 quam
834 1308 885 1350 me
912 1287 1021 1350 velint.
1063 1284 1153 1349 Vale.

614 1433 681 1492 XII.

291 1533 643 1582 (1.1111111111111110
667 1533 871 1582 Paosocsao
896 1533 961 1582 suo
986 1534 1012 1582 s.

107 1641 122 1689 1
210 1624 259 1688 Tu
290 1645 367 1689 vero
399 1646 464 1688 non
492 1623 588 1689 debes
618 1646 772 1708 suspensa
801 1646 898 1688 manu
930 1623 1154 1688 commendare

144 1713 238 1797 mihi,
269 1735 350 1797 quos
373 1711 509 1777 tuendos
537 1717 640 1797 putas.
685 1711 770 1777 Nam
801 1717 833 1777 et
862 1719 894 1778 te
924 1713 1014 1777 decet
1043 1714 1154 1777 multis
1170 1736 1195 1778 11

142 1804 293 1887 prodesse
307 1806 340 1867 et
353 1825 404 1866 me
423 1803 593 1886 suscipere,
616 1802 772 1886 quidquid
791 1802 831 1866 ad
850 1822 958 1867 curam
977 1805 1067 1866 tuam
1085 1824 1155 1885 per-

108 1893 233 1957 111101.
279 1891 392 1974 Itaque
415 1890 526 1956 Vettio
556 1891 681 1975 Prisce,
713 1896 868 1975 quantum
896 1891 1071 1975 plurimum
1099 1913 1155 1974 po-

144 1984 235 2045 tuero
241 2029 250 2063 ,
282 1980 465 2064 praestab0,
495 1981 683 2063 praesertim
705 1981 740 2043 in
762 1981 881 2045 harena
904 2002 989 2063 mea,
1020 1979 1084 2045 hoc
1107 1983 1156 2044 est

110 2069 230 2153 3upud
259 2069 483 2133 centumviros.
527 2068 764 2153 Epistularum,
796 2092 875 2152 quas
907 2069 1001 2153 mihi,
1033 2072 1070 2134 ut
1100 2069 1156 2151 ais,

145 2161 257 2241 aperto
280 2161 409 2240 pectore
433 2157 602 2241 scripsisti,
631 2157 778 2222 oblivisci
806 2181 858 2222 me
881 2157 980 2222 iubes.
1024 2155 1070 2222 At
1094 2179 1155 2243 ego
1169 2182 1197 2222 10

147 2245 309 2311 nullarum
336 2247 489 2311 libentius
517 2247 657 2310 memini.
702 2246 752 2310 Ex
780 2247 844 2311 illis
872 2248 957 2311 enim
987 2246 1039 2311 vel
1066 2269 1156 2330 prae·
1210 2242 1213 2249 ’

148 2336 241 2419 cipue
260 2335 373 2419 sentio,
397 2338 517 2418 quanto
538 2357 633 2419 opero
656 2357 708 2399 me
731 2335 855 2421 diligas,
879 2358 951 2401 oum
975 2336 1022 2400 sic
1044 2357 1156 2420 exege-

112 2426 191 2490 4ris
209 2446 349 2508 mecum,
376 2428 414 2488 ut
442 2423 567 2488 solebas
595 2446 667 2488 cum
691 2427 748 2488 tuo
771 2423 848 2488 filio.
892 2424 963 2489 Nec
990 2425 1155 2488 dissimulo

147 2514 211 2578 hoc
228 2513 310 2578 mihi
328 2514 532 2578 iucundiores
551 2535 603 2578 eas
625 2513 734 2596 fuisse,
757 2513 844 2596 quod
861 2513 1019 2578 habebam
1036 2513 1156 2577 bonam

148 2625 289 2686 causam,
312 2624 385 2667 cum
409 2623 534 2667 summo
558 2602 664 2667 studio
688 2623 861 2686 curassem,
885 2602 971 2686 quod
994 2605 1031 2665 tu
1054 2602 1157 2666 curari
1171 2626 1197 2667 11

112 2692 285 2756 51010111.
331 2691 470 2755 Proinde
502 2691 599 2755 etiam
630 2694 727 2774 atque
759 2693 855 2756 etiam
881 2712 976 2777 rog0,
1008 2695 1045 2755 ut
1076 2690 1157 2754 mihi

149 2802 274 2863 semper
301 2781 411 2844 eadem
442 2779 660 2864 simplicitate,
693 2781 841 2863 quotiens
872 2801 993 2844 cessare
1023 2780 1158 2844 videbor

149 2867 296 2954 (videbor
315 2870 395 2953 dico,
418 2891 594 2952 numquam
617 2869 702 2934 enim
726 2866 887 2955 cessabo),
911 2869 1090 2935 convicium
1112 2868 1158 2932 fa-

149 2957 223 3039 cias,
247 2958 333 3039 quod
351 2962 383 3022 et
397 2978 457 3044 ego
472 2958 658 3042 intellegam
677 2980 696 3022 a
714 2980 840 3023 summo
860 2980 967 3022 amore
986 2957 1157 3042 proficisci,

148 3050 181 3110 et
203 3049 239 3109 tu
262 3067 329 3109 non
350 3047 504 3110 meruisse
527 3069 578 3111 me
602 3047 748 3133 gaudeas.
795 3046 885 3130 Vale.
1172 3071 1200 3112 10

611 3194 693 3254 XIII.

434 3293 624 3342 0111111111
648 3295 736 3343 uaso
760 3294 826 3343 suo
851 3294 876 3342 1.

114 3400 129 3448 1
216 3381 420 3467 Umquamne
438 3384 547 3449 vidisti
566 3406 759 3469 quemquam
777 3389 844 3449 tam
861 3385 1068 3468 laboriosum,
1091 3387 1158 3448 tam

131 3473 315 3535 exercitum
345 3494 443 3554 quam
472 3471 637 3540 Varenum
665 3475 794 3540 meum?
826 3474 891 3557 cui,
918 3474 1004 3557 quod
1034 3495 1159 3538 summa

116 3567 345 3586 ’‘x-

178 3606 220 3652 33
237 3606 302 3661 tam
322 3626 418 3668 exerc.
441 3617 538 3689 Drs,
559 3621 590 3675 et
611 3634 708 3675 exerc.
731 3619 807 3685 Mc,
824 3617 864 3684 Κ,
881 3628 974 3668 exart·
991 3628 1020 3678 I·
