2506 3862
410 207 668 263 uursnmauun
686 209 712 263 n
732 215 773 278 ιι,
793 215 835 264 ιι,
1091 211 1135 276 55

114 373 252 438 salntem
275 372 335 436 filii
353 372 550 456 periurasset.
579 371 670 438 Facit
692 372 754 438 hoc
771 373 915 460 Regulus
933 396 1000 438 non
1019 374 1126 440 minus
1172 391 1188 440 6

115 463 268 526 scelerate
296 484 394 545 quam
421 461 619 545 frequenter,
652 462 738 546 qnod
766 463 846 527 iram
878 463 1023 546 deorum,
1054 486 1135 548 qnos

116 552 186 635 ipse
210 551 327 615 cotidie
349 551 443 633 fallit,
466 549 500 614 in
524 555 620 635 caput
643 551 782 616 infelicis
805 553 897 636 pueri
920 552 1102 618 detestatur.

184 638 327 704 Velleius
345 639 488 723 Blaesus,
511 640 565 703 ille
588 641 731 724 locuples
750 643 935 726 consularis,
958 642 1133 706 novissima
1172 658 1187 706 ι

89 731 203 799 ιιιιιι
189 729 300 793 tudine
327 728 533 794 conflictabat
519 732 580 792 t.ur
627 728 784 813 Cupiebat
812 734 936 795 mutare
965 733 1135 794 testamen-

115 822 197 883 tum
247 818 405 904 Regulus,
433 818 490 901 qui
513 821 654 902 speraret
684 818 806 902 aliquid
829 842 869 883 ex
891 818 983 883 novis
1006 819 1135 902 tabulis,

116 909 194 992 quia
216 930 319 992 nuper
342 911 469 992 captare
492 929 565 970 eum
568 912 787 1059 t,coeperat
769 908 909 972 medicos
930 907 1062 990 hortari,
1084 930 1135 972 ro·

116 1019 203 1083 gare,
222 1018 352 1080 quoquo
372 996 468 1061 modo
488 994 637 1080 spiritum
656 980 787 1060 homini
799 1000 1019 1082 prorogarent.
997 996 1187 1061 tPost-8

117 1107 215 1170 quam
253 1087 415 1171 signatum
452 1088 500 1149 est
536 1088 780 1168 testamentum,
816 1089 920 1149 mutat
955 1107 1135 1186 personam,

76 1205 102 1244 ιι
116 1175 215 1240 vertit
201 1174 475 1238 tadlocutionem
499 1174 663 1256 isdemque
692 1135 837 1239 medicis:
870 1174 1054 1258 Quousque
1077 1175 1135 1238 mi-

117 1285 226 1328 serum
250 1262 421 1328 cruciatis?
459 1262 536 1346 quid
559 1262 708 1327 invidetis
732 1262 817 1327 bona
840 1267 957 1346 morte,
985 1264 1036 1329 cui
1060 1264 1135 1328 dare

116 1354 219 1417 vitam
232 1374 299 1416 non
311 1351 447 1436 potestis
457 1351 485 1416 ι’
499 1350 639 1416 Moritur
647 1351 781 1416 Blaesus
792 1355 833 1435 ιι,
846 1355 1011 1437 tamquam
1027 1354 1135 1417 omnia

117 1441 259 1506 audisset
245 1441 417 1528 t,Regnlo
440 1463 481 1504 ne
504 1442 666 1505 tantulum
691 1441 829 1526 quidem.
858 1439 1030 1507 Sufficiunt
1054 1443 1135 1506 duae
1173 1458 1187 1506 9

116 1531 256 1614 fabulae,
269 1552 311 1594 an
325 1528 515 1594 scholastica
528 1531 599 1616 lege
613 1531 688 1595 tert
664 1534 743 1595 tram
757 1529 886 1615 poscis?
900 1534 957 1614 est,
971 1532 1055 1595 unde
1069 1532 1135 1595 fiat.

76 1649 102 1689 ιι
185 1618 327 1702 Aurelia,
341 1623 434 1683 omat
420 1619 586 1683 tafemina
586 1620 775 1705 ,signatma
789 1622 1135 1703 testamentumsump-
1155 1635 1188 1684 10

118 1712 204 1774 serat
226 1709 457 1793 pulcherrimas
480 1709 615 1772 tunicas.
660 1707 804 1794 Regulus
833 1730 906 1772 cum
934 1710 1073 1772 venisset
1095 1709 1136 1772 ad

117 1796 517 1970 itilbidiilciilrimerlirogdt
490 1795 833 1971 alliiijliilielbbiidnibis
834 1795 947 1969 tiabga‘ti
950 1795 1135 1970 neAlffiiaa,
1156 1813 1187 1861 11

119 1977 227 2063 coegit
250 1976 418 2040 mulierem
442 1974 565 2059 aperire
588 1975 715 2039 tabulas
739 1994 777 2038 ac
800 1974 862 2039 sibi
891 1973 1031 2057 tunicas,
1056 1996 1135 2058 quas

77 2093 104 2134 ιι
119 2070 189 2130 erat
216 2064 345 2148 induta,
376 2065 499 2150 legare;
532 2064 714 2128 observavit
747 2064 952 2147 scribentem,
986 2063 1136 2148 inspexit,

119 2177 161 2219 an
191 2153 379 2236 scripsisset.
424 2153 470 2216 Et
492 2152 625 2217 Aurelia
653 2152 784 2236 quidem
812 2153 906 2236 vivit,
938 2154 993 2217 ille
1027 2157 1136 2217 tamen

119 2244 208 2308 istud
235 2247 401 2326 tamquam
424 2243 614 2306 morituram
639 2242 753 2328 coligit.
789 2240 834 2305 Et
856 2241 911 2306 hic
933 2242 1135 2324 hereditates,

118 2333 173 2397 hic
195 2333 312 2418 legata,
336 2331 427 2415 quasi
449 2335 617 2414 mereatur,
640 2331 766 2414 accipit.

184 2419 282 2486 ’Λλιιιι
305 2424 340 2485 τί
361 2421 565 2501 drussiacum
588 2422 678 2485 inea
697 2421 793 2483 civita
775 2423 836 2502 ate,
854 2420 889 2483 in
908 2441 970 2503 qua
988 2419 1053 2482 iam
1071 2419 1135 2502 pri
1155 2435 1188 2483 12

77 2539 104 2579 as
121 2511 194 2574 dem
225 2530 292 2575 non
318 2510 443 2573 minora
470 2510 626 2592 praemia,
658 2509 758 2572 immo
789 2508 910 2571 maiora
937 2508 1081 2590 nequitia
1104 2510 1137 2570 ιι

121 2599 311 2683 improbitas
325 2620 432 2701 quam
455 2598 560 2682 pudor
582 2602 615 2662 et
637 2598 739 2661 virtus
763 2596 904 2661 habent?
935 2593 1052 2680 Aspice
1075 2595 1189 2661 Pte-13

121 2689 247 2774 gulum,
280 2680 335 2772 qui
363 2709 403 2751 ex
428 2709 568 2771 paupere
596 2690 628 2751 et
655 2687 745 2750 tenui
772 2685 813 2748 ad
839 2687 945 2749 tantas
976 2706 1052 2770 opes
1079 2707 1137 2768 per

120 2777 244 2863 flagitia
266 2777 431 2860 processit,
454 2776 522 2839 ut
513 2797 581 2859 lpse
604 2775 685 2839 mihi
706 2775 831 2857 dixerit,
808 2778 928 2838 tcum
948 2776 1136 2859 consuleret,

121 2888 218 2949 quam
247 2867 310 2931 cito
339 2865 521 2930 sestertium
550 2866 719 2929 sescenties
751 2864 930 2946 inpleturus
963 2865 1099 2948 esset,
1090 2885 1136 2927 m-

79 2956 245 3022 sevenisse
269 2977 302 3018 se
322 2957 395 3018 exta
414 2953 563 3038 duplicia,
586 2954 703 3037 quibus
725 2953 875 3037 portendi
898 2953 1002 3017 milies
1026 2957 1058 3017 ιι
1080 2953 1137 3016 du-

121 3045 241 3109 centies
269 3043 464 3107 habiturum.
508 3041 553 3107 Et
580 3043 725 3125 habebit,
758 3043 785 3106 si
813 3041 924 3125 modo,
955 3045 992 3106 ut
1022 3042 1136 3125 coepit,
1156 3056 1191 3105 14

121 3133 226 3198 aliena
248 3135 449 3215 testamenta,
473 3130 559 3215 quod
582 3135 630 3196 est
649 3132 911 3215 inprobissimum
931 3152 1031 3216 genus
1054 3130 1136 3213 falsi,

121 3223 209 3306 ipsis,
233 3243 370 3305 quorum
394 3224 468 3284 sunt
491 3221 555 3298 illa,
578 3221 752 3285 dictaverit.
799 3218 888 3284 Vale.

195 3367 209 3414 1
233 3360 401 3430 perierasset
420 3360 515 3426 K.II.,
536 3359 691 3429 peierasset
708 3361 816 3428 Fpra,
835 3359 904 3424 K.I,
927 3357 1137 3427 perierierasset

123 3435 162 3488 M
170 3434 201 3500 V,
219 3432 343 3502 perieras
363 3431 413 3485 sed
431 3433 470 3486 D.
542 3435 576 3484 30
597 3429 743 3500 duplicata
761 3431 851 3501 ch,
871 3429 934 3487 Otto
953 3433 1021 3485 tta.

517 3656 754 3668 Μ..-
