2506 3862
386 234 640 290 PANEGYRIOUS
659 242 701 291 eu.
712 252 767 291 ε-
779 242 820 290 es.
831 251 852 291 s.
1060 235 1126 301 355

115 402 231 485 prseiit
254 402 305 465 ius
327 400 507 478 iurandum,
530 404 562 464 et
582 401 636 464 ille
659 401 785 483 iuravit,
804 402 960 483 expressit
979 400 1126 484 explana-

116 490 226 574 vitque
257 489 363 572 verbe,
395 490 513 572 quibus
545 493 641 572 ceput
672 511 775 574 snum,
807 489 937 554 domum
970 511 1069 573 suem,
1099 490 1127 554 si

117 580 219 644 sciens
251 578 431 661 fefellisset,
467 577 600 642 deorum
636 579 701 642 irae
738 583 945 644 consecraret.
999 577 1126 663 Ingens,

117 667 241 750 Caesar,
269 672 301 732 et
327 689 385 751 per
412 668 516 753 gloria
542 672 607 750 tuo,
636 668 703 732 sive
733 667 867 732 fecerint
896 667 984 732 istud
1015 671 1127 750 postea

91 757 277 840 sprinoipes
304 758 372 820 sive
398 778 465 820 non
491 756 634 820 fecerint
674 755 790 821 Ullene
818 757 895 821 setis
919 757 1015 842 digno
1037 775 1162 839 pree-4

116 846 235 910 &cebo
263 849 312 909 est
337 845 422 910 idem
449 847 545 910 tertio
575 846 739 910 consulem
766 846 880 912 fecisse
903 845 990 929 quod
1013 845 1126 928 primo,

116 936 201 1000 idem
234 935 412 1019 principem
447 935 533 1018 quod
569 936 743 1017 privatum,
779 935 864 999 idem
900 935 1126 1018 imperatorem

117 1024 204 1107 quod
227 1023 286 1087 sub
307 1022 527 1107 imperatore?
555 1023 674 1088 Nescio
693 1025 767 1107 iem,
784 1025 902 1106 nescio,
920 1024 1126 1107 pulchriusne

116 1115 161 1178 sit
191 1112 285 1196 illud,
317 1113 404 1195 quod
435 1117 608 1196 praeeunte
639 1114 743 1197 nullo,
771 1135 812 1176 en
842 1113 918 1196 hoo,
945 1112 1031 1196 quod
1063 1111 1126 1176 elio

77 1230 104 1269 10
118 1206 289 1284 preeeunte
316 1203 437 1266 iurasti.
473 1196 522 1265 'In
547 1203 661 1266 rostris
690 1223 819 1286 quoque
846 1203 945 1267 simili
971 1201 1179 1287 religionebb

117 1293 185 1374 ipse
208 1296 240 1356 te
262 1290 388 1375 legibus
412 1291 585 1374 subiecisti,
610 1291 746 1375 legibus,
774 1289 898 1375 (leesor,
926 1312 1003 1374 ques
1031 1312 1124 1354 nemo

70 1426 73 1433 ,
117 1381 256 1464 principi
280 1380 415 1462 scripsit.
454 1377 516 1444 Sed
541 1384 578 1443 tu
600 1379 683 1445 nibil
705 1381 843 1463 emplius
873 1382 921 1443 vis
948 1379 1009 1444 tibi
1030 1379 1126 1444 licere

117 1491 213 1553 quem
237 1468 339 1533 nobis.
382 1467 436 1533 Sic
457 1469 504 1553 fit,
527 1473 563 1532 ut
585 1491 645 1533 nos
667 1469 728 1534 tibi
750 1470 823 1553 plus
846 1471 990 1533 velimus.
1034 1468 1127 1545 Quod

114 1580 178 1644 ego
200 1580 286 1622 nuno
309 1557 449 1641 primum
471 1557 577 1641 audio,
600 1579 686 1622 nunc
708 1560 847 1640 primum
871 1558 969 1640 disco,
991 1579 1056 1621 non
1079 1562 1128 1621 est

78 1677 103 1714 rs
117 1649 265 1731 princeps
289 1669 387 1730 supra
407 1648 503 1732 leges,
527 1649 583 1711 sed
604 1649 692 1733 leges
712 1668 808 1731 supro
825 1647 1012 1730 principem,
1029 1647 1127 1710 idem·

118 1759 180 1820 que
203 1733 329 1800 Caesari
352 1737 477 1800 consuli
500 1736 587 1819 quod
614 1737 728 1801 ceteris
754 1757 821 1799 non
847 1737 931 1800 licet.
976 1734 1065 1799 Iurat
1092 1736 1161 1804 ins

116 1827 204 1910 leges
227 1825 465 1889 attendentibus
489 1825 538 1888 dis
566 1823 655 1912 (num
680 1827 732 1889 cui
757 1827 860 1910 magis
884 1847 979 1908 quem
999 1823 1127 1888 Caesari

118 1913 328 2001 attendenti),
347 1915 432 1978 iuret
451 1915 694 1978 observantibus
709 1914 769 1997 his,
784 1915 900 1996 quibus
919 1914 1003 1978 idem
1021 1915 1127 1978 iuren-

118 2004 194 2069 dum
218 2007 275 2086 est,
297 2025 364 2068 non
386 2004 517 2089 ignarus
540 2004 661 2087 alioqui
683 2005 805 2068 nemini
826 2003 1017 2089 religiosius,
1041 2002 1128 2086 quod

77 2120 103 2159 so
116 2093 277 2175 iuraverit,
306 2092 558 2176 custodiendum,
586 2115 681 2177 quem
710 2094 800 2156 cuius
828 2093 965 2157 maxime
994 2093 1127 2156 interest

116 2203 183 2247 non
210 2183 352 2264 peierori.
389 2180 502 2264 Itaque
530 2186 561 2245 et
588 2183 732 2246 abiturus
761 2183 929 2246 consulatu
955 2182 1068 2245 iurasti
1094 2185 1126 2245 te

117 2271 200 2336 nihil
223 2274 334 2335 contre
351 2272 438 2357 leges
456 2271 577 2335 fecisse.
613 2270 768 2357 Magnum
787 2272 944 2354 hocerat,
963 2291 1035 2336 oum
1054 2292 1126 2352 pro-

117 2361 269 2443 mitteres,
288 2361 400 2443 maius,
419 2364 590 2443 postquem
608 2360 805 2443 praestitisti.
829 2358 899 2424 Iam
916 2359 1035 2423 totiens
1054 2381 1125 2442 pro·
1144 2378 1160 2425 3

117 2448 227 2514 cedere
246 2450 281 2512 in
302 2453 406 2514 rostro
429 2451 692 2532 inescensumque
714 2450 809 2514 illum
825 2449 992 2532 superbiae
1010 2448 1126 2530 prinoi-

77 2564 103 2604 ss
118 2560 195 2621 pum
209 2540 316 2603 iocum
334 2543 444 2621 terere,
458 2537 512 2602 hic
531 2539 698 2622 suscipere,
712 2539 765 2602 hio
783 2559 901 2621 ponere
919 2537 1126 2623 megistrotus

118 2649 214 2710 quem
238 2627 371 2711 dignum
394 2631 426 2690 te
450 2649 609 2710 quumque
632 2628 791 2691 diversum
811 2627 1034 2691 consuetudini
1056 2626 1125 2690 illo-

116 2738 198 2798 rum,
231 2717 286 2798 qui
317 2716 463 2800 pauculis
493 2716 604 2780 diebus
632 2720 759 2802 gestum
789 2717 999 2800 consulatum,
1025 2715 1125 2780 immo

117 2826 184 2869 non
202 2808 327 2890 gestum
347 2805 528 2869 obiciebant
545 2827 603 2888 per
621 2805 772 2869 edictum!
799 2804 873 2869 Hoc
889 2826 949 2889 pro
968 2804 1126 2887 contione,

117 2895 313 2978 prorostris,
332 2915 390 2977 pro
410 2895 478 2957 iure
497 2894 640 2977 iurand0,
659 2895 781 2959 scilicet
799 2898 835 2959 ut
853 2895 965 2977 primis
984 2896 1125 2959 extreme

77 3008 104 3050 so
118 2986 338 3069 congruerent,
365 2987 465 3066 utque
494 2981 557 3047 hoc
584 2985 653 3047 solo
681 2984 942 3069 intellegerentur
965 2982 1029 3067 ipsi
1051 3005 1125 3048 con-

118 3074 203 3137 sules
225 3072 333 3155 fuisse,
357 3072 443 3155 quod
466 3072 522 3136 olii
543 3094 609 3137 non
631 3072 775 3137 fuissent.
1053 3101 1055 3104 ⁴

118 3339 134 3386 θ
160 3335 165 3346 Ι
182 3271 214 3389 h1u
215 3264 331 3390 dprpeiit
350 3264 455 3390 (piguit)
474 3265 510 3331 A,
528 3265 641 3334 prebuit
659 3272 717 3320 cett.
736 3266 821 3391 ⁶⁰d3l'
834 3265 961 3391 Jpraeivit
978 3265 1037 3318 edd.

117 3352 203 3473 colli,
222 3352 701 3490 mper-superllffla-llplggo?
730 3378 790 3477 bc,
801 3354 891 3474 {1⁵1}
904 3351 1125 3475 bilibris&

117 3477 203 3543 codd,
222 3478 290 3532 KJ.
363 3485 397 3532 18
415 3495 451 3531 ns
471 3480 508 3533 K.
582 3484 615 3532 19
634 3480 757 3548 etiufro.
773 3479 1035 3553 ubxonuinBuotr.
1100 3479 1149 3518 nu

117 3565 171 3615 que
189 3565 237 3602 om.
257 3550 337 3604 Kcils'
348 3551 385 3618 Α,
405 3552 563 3608 Buebscsece'
580 3553 629 3622 W,
650 3553 690 3608 K.
762 3555 802 3605 tt
821 3535 1177 3604 msueuuumssoctes

106 3619 206 3673 Made,
225 3619 289 3676 ado.
307 3623 369 3678 III
379 3629 448 3694 221,
470 3626 691 3702 consueturline
709 3625 792 3696 culp.

981 3687 1042 3743 us*
