2506 3862
17 3554 27 3675 l

146 211 211 275 218
582 208 611 263 0·
629 208 728 263 PLINI

146 373 247 438 amari
269 377 375 457 putat,
398 377 435 438 ut
462 373 603 438 taedium
635 394 701 437 non
732 373 950 457 pertimescat3
982 376 1014 437 et
1037 372 1161 456 alioqui

147 462 225 546 quid
247 466 411 546 praestant
434 463 572 545 sodales,
602 462 630 526 si
658 463 853 527 conveniunt
880 462 1056 546 voluptatis
1085 483 1161 526 suae

147 553 265 618 causa?
288 552 452 617 Delicatus
471 573 508 616 ac
523 552 637 616 similis
650 552 764 636 ignoto
780 555 837 634 est,
856 552 912 636 qui
926 551 1022 615 amici
1039 551 1161 615 librum

111 659 128 708 6
147 641 268 706 bonum
287 642 411 706 mavult
429 640 539 705 audire
558 662 655 723 quam
672 640 785 705 facere.
817 639 895 705 Non
912 639 1025 704 dubito
1045 662 1177 723 cupere.

147 735 179 796 te
208 752 266 815 pro
298 733 402 795 cetera
432 731 495 794 mei
525 730 657 794 caritate
687 752 784 814 quam
812 729 1026 794 maturissime
1054 730 1161 815 legere
1188 753 1201 793 5

146 819 233 884 hunc
255 819 360 884 adhuc
382 823 543 884 musteum
566 819 694 883 librum.
730 818 842 905 Leges,
865 819 922 883 sed
943 821 1162 901 retractatum,

148 931 229 992 quae
252 930 347 974 causa
369 908 524 972 recitandi
547 907 623 991 fuit3
647 912 680 972 et
702 912 811 971 tamen
832 929 900 972 non
921 909 1010 971 nulla
1033 909 1098 971 iam
1121 929 1162 971 er

147 1020 185 1062 eo
208 998 303 1063 nosti.
348 997 437 1062 Haec
460 998 512 1061 vel
535 998 702 1062 emendata
724 1002 837 1081 postea
859 997 924 1079 vel,
952 996 1038 1080 quod
1065 997 1162 1060 inter·

147 1087 223 1151 dum
246 1087 393 1172 longiore
420 1107 510 1150 mora
538 1087 635 1170 solet,
663 1086 821 1151 deteriora
849 1086 935 1150 facta
962 1086 1055 1168 quasi
1077 1107 1162 1149 nova

146 1197 256 1240 rursus
280 1179 312 1239 et
334 1175 489 1259 rescripta
512 1197 694 1260 cognosces.
734 1173 820 1239 Nam
842 1175 1004 1258 plerisque
1027 1175 1161 1239 mutatis
1176 1200 1202 1240 ro

147 1287 184 1328 ea
207 1285 335 1348 quoque
358 1268 481 1329 mutata
504 1264 662 1348 videntur,
686 1285 766 1348 quae
789 1268 928 1328 manent.
974 1262 1064 1328 Vale.

608 1429 701 1488 XXII.

410 1531 438 1578 ο.
461 1530 600 1578 11111111
624 1529 759 1578 annulo
784 1530 849 1578 suo
873 1530 899 1578 1.

111 1638 126 1686 1
211 1618 349 1685 Nostine
373 1621 442 1703 hos,
465 1621 521 1703 qui
545 1620 689 1684 omnium
712 1619 884 1684 libidinum
908 1620 991 1684 servi
1015 1620 1061 1684 sic
1083 1619 1162 1684 alio·

146 1733 217 1774 rum
245 1710 333 1774 vitiis
363 1710 558 1792 irascuntur,
590 1709 682 1792 quasi
705 1710 882 1792 invideant,
914 1713 945 1773 et
973 1709 1162 1794 gravissime
1176 1732 1203 1774 1⁵

146 1800 293 1883 puniunt,
316 1821 397 1883 quos
420 1799 560 1863 maxime
582 1799 772 1863 imitantur?
795 1819 868 1863 cum
892 1819 946 1863 eos
969 1797 1081 1881 etiam,
1105 1799 1163 1881 qui

146 1911 212 1953 non
230 1888 377 1974 indigent
395 1888 565 1953 clementia
578 1888 686 1971 ullius,
708 1888 792 1951 nihil
805 1888 908 1973 magis
928 1909 1025 1971 quam
1042 1887 1161 1952 lenitas

89 2029 91 2032 Α
110 1994 126 2040 a
146 1978 263 2042 deceat.
282 1975 391 2059 Atque
405 1999 465 2063 ego
481 1978 640 2060 optimum
655 1981 688 2041 et
697 1977 991 2042 emendatissimum
1002 1977 1162 2059 existimo,

147 2067 202 2148 qui
226 2066 339 2130 ceteris
361 2066 408 2129 ita
430 2067 584 2150 ignoscit,
611 2070 776 2149 tamquam
805 2067 873 2149 ipse
901 2065 1019 2130 cotidie
1042 2070 1162 2149 peccet,

110 2171 126 2218 3
146 2155 191 2217 ita
205 2155 345 2237 peccatis
359 2154 508 2237 abstinet,
526 2159 691 2237 tamquam
705 2155 826 2218 nemini
845 2156 1000 2240 ignoscat.
1023 2153 1162 2219 Proinde
1176 2179 1204 2219 ro

145 2243 208 2308 hoc
231 2243 334 2326 domi,
355 2244 419 2307 hoc
440 2243 533 2326 foris,
554 2245 618 2307 hoc
640 2245 674 2306 in
698 2244 786 2307 omni
808 2245 894 2308 vitae
918 2265 1032 2329 genere
1056 2248 1163 2308 tenea·

146 2355 227 2416 mus,
245 2336 283 2396 ut
301 2332 395 2396 nobis
414 2333 622 2416 inplacabiles
641 2333 750 2415 simus,
769 2333 946 2397 exorabiles
965 2333 1036 2397 istis
1055 2334 1163 2414 etiam,

147 2423 203 2504 qui
226 2421 301 2485 dare
323 2422 450 2485 reniam
474 2422 537 2486 nisi
560 2421 622 2486 sibi
640 2422 800 2504 nesciunt,
824 2421 1075 2505 mandemusque
1099 2443 1164 2486 me·

146 2511 276 2594 moriae,
295 2510 381 2595 quod
395 2511 445 2575 vir
457 2511 649 2575 mitissimus
664 2514 696 2574 et
710 2511 751 2575 ob
765 2510 828 2575 hoc
847 2532 975 2593 quoque
993 2511 1163 2594 maximus,

147 2599 296 2683 Thrasea,
319 2601 431 2665 crebro
447 2599 551 2664 dicere
566 2600 701 2664 solebat:
727 2597 801 2676 ‘Qui
814 2600 894 2663 vitia
913 2599 991 2682 odit,
1012 2600 1161 2664 homines
1176 2623 1203 2664 11

148 2689 236 2753 odit’
283 2687 415 2765 Quaeris
438 2689 587 2772 fortasse,
615 2710 679 2772 quo
704 2693 884 2753 commotus
912 2689 991 2752 haec
1014 2689 1161 2753 scribam.

110 2776 259 2861 4Nuper
289 2779 419 2860 quidam
443 2778 564 2843 —sed
594 2779 709 2842 melius
741 2799 862 2861 coram,
894 2800 1089 2861 quamquam
1121 2800 1162 2842 ne

147 2870 226 2931 tunc
248 2867 386 2949 quidem.
417 2866 539 2931 Vereor
562 2867 657 2949 enim,
679 2889 720 2931 ne
743 2867 784 2949 id,
807 2867 895 2950 quod
917 2867 1064 2950 inprobo,
1088 2887 1162 2940 con-

147 2956 270 3037 sectari,
294 2976 430 3040 carpere,
452 2957 569 3020 referre
587 2956 672 3039 huic,
705 2955 791 3039 quod
814 2976 887 3019 cum
911 2956 1050 3019 maxime
1072 2977 1161 3039 prae-

147 3044 293 3128 cipimus,
307 3049 472 3131 repugnet.
505 3043 657 3129 Quisquis
671 3045 735 3127 ille,
750 3045 1001 3128 qualiscumque,
1020 3045 1161 3126 sileatur,
1176 3070 1203 3109 eo

148 3154 243 3217 quem
266 3133 421 3218 insignire
444 3134 583 3217 exempli
605 3133 696 3217 nihil,
718 3155 785 3198 non
807 3134 963 3218 insignire
982 3134 1162 3197 humanita-

146 3223 189 3286 tis
212 3223 387 3305 plurimum
410 3224 515 3287 refert.
561 3222 650 3287 Vale.

211 3449 752 3520 2s0dalisM,K.I;adp.126.10.
824 3449 913 3504 8vel
926 3451 1009 3520 prius
1027 3467 1078 3506 om.
1098 3453 1161 3517 Mr,

120 3517 199 3570 ΕΙ.
273 3526 312 3575 28
332 3525 456 3579 consect.
477 3541 540 3592 scr,
561 3540 609 3580 eos
629 3525 699 3579 sect.
719 3520 923 3588 codd.,.'rnsect.
941 3521 1040 3584 Grau„
1058 3524 1097 3575 K.

105 3587 149 3634 29
162 3588 278 3645 referre
298 3613 327 3661 a,
343 3595 439 3664 ΚΠ,
460 3595 524 3654 fere
548 3597 706 3666 Mr,K.1.
