2506 3862
380 210 635 266 PANEGYRICUS
655 217 763 266 oo.1-
775 216 816 265 61.
827 227 848 266 s.
1057 209 1121 275 351

108 380 145 439 ut
168 398 294 459 semper
317 375 451 460 obliges,
471 375 624 460 obligaris
647 375 869 458 incertumque
887 375 995 457 facias,
1013 380 1123 438 utrum

108 466 212 550 magis
237 464 386 547 expediat
405 464 529 528 civibus
548 465 613 528 tuis
633 465 747 528 debere
766 464 827 527 tibi
845 486 886 526 an
903 463 1123 547 praestitisse?

175 553 336 636 Equidem
355 554 448 617 illum
467 554 636 635 antiquum
655 556 801 617 senatum
821 553 966 617 contueri
984 549 1174 636 videbar,61

110 664 182 706 oum
206 647 257 706 ter
279 643 410 707 consule
433 642 597 706 adsidente
621 643 717 706 tertio
736 643 900 706 consulem
920 641 1123 728 designatum

82 732 217 818 crogari
236 732 427 796 sententiam
447 753 617 796 cernerem.
655 730 775 807 Quanti
796 734 875 796 tuno
893 731 951 813 illi,
971 735 1124 814 quantus-

109 843 171 906 que
194 823 244 884 tui
280 821 410 886 Accidit
433 821 571 904 quidem,
594 825 631 884 ut
656 842 790 904 corpora
819 820 997 903 quamlibet
1024 820 1158 884 arduaa

108 913 141 974 et
164 912 289 975 excelsa
311 910 547 995 procerioribus
566 909 696 973 admota
715 911 908 992 decrescant,
927 910 1005 974 item
1024 912 1061 973 ut
1079 910 1123 972 al-

108 1001 251 1064 tissimae
275 1000 394 1064 civium
418 999 591 1084 dignitates
619 1000 791 1063 collatione
813 999 936 1083 fastigii
959 999 1008 1062 tui
1032 999 1123 1081 quasi

109 1088 337 1172 deprimantur,
352 1093 536 1171 quantoque
554 1088 689 1171 propius
708 1088 747 1151 ad
764 1088 1019 1173 magnitudinem
1033 1092 1123 1151 tuam

70 1205 96 1244 ro
110 1178 319 1261 ascenderint,
342 1181 468 1241 tantum
488 1179 586 1241 etiam
609 1199 627 1240 a
649 1199 705 1241 sua
724 1178 923 1241 descendisse
946 1177 1123 1241 videantur.

109 1265 187 1331 Illos
215 1272 324 1330 tamen
351 1271 396 1349 tu,
425 1288 620 1350 quamquam
643 1288 710 1331 non
732 1267 868 1350 potuisti
894 1266 956 1330 tibi
978 1281 1159 1349 aequare,3

110 1378 182 1421 oum
206 1358 313 1440 velles,
336 1355 415 1419 adeo
438 1356 474 1418 in
499 1356 584 1419 edito
613 1356 787 1438 collocasti,
810 1360 847 1418 ut
874 1359 1000 1418 tantum
1030 1378 1125 1439 super

110 1450 232 1509 ceteros
251 1449 407 1530 quantum
426 1445 510 1508 infra
528 1449 560 1509 te
579 1450 790 1509 cemorentur.
824 1442 859 1507 Si
877 1444 972 1508 uniirs
990 1447 1123 1509 tertium
1141 1461 1160 1509 4

110 1536 312 1599 consulatum
341 1534 476 1597 eundem
504 1535 539 1597 in
566 1556 685 1597 annum
714 1535 748 1597 in
776 1556 871 1625 quem
897 1538 989 1597 tuum
1014 1538 1124 1598 contu-

71 1651 96 1691 15
109 1624 211 1706 lisses,
233 1624 374 1708 ingentis
392 1624 493 1686 animi
511 1624 674 1706 specimen
691 1623 869 1687 haberetur.
906 1621 953 1686 Ut
976 1624 1062 1687 enim
1079 1622 1124 1686 fe-

109 1712 242 1776 licitatis
257 1717 314 1795 est,
329 1717 485 1794 quantum
498 1712 588 1793 velis,
604 1733 707 1795 posse,
723 1712 769 1776 sio
782 1711 1014 1796 magnitudinis
1032 1712 1124 1795 velle,

111 1806 267 1884 quantum
290 1802 402 1884 possis.
439 1800 631 1864 Laudandus
651 1801 780 1884 quidem
799 1805 831 1865 et
849 1800 913 1884 ille,
932 1801 988 1882 qui
1011 1822 1123 1865 consu·
1143 1817 1160 1866 ὅ

109 1892 211 1954 latum
222 1891 351 1955 tertium
367 1891 493 1973 meruit,
503 1891 559 1954 sed
572 1891 685 1976 magis,
695 1889 754 1953 sub
768 1912 831 1973 quo
842 1891 972 1972 meruit3
987 1911 1123 1975 magnus

110 1980 408 2062 memorandusque,
423 1981 478 2061 qui
492 1983 618 2043 tantum
633 1980 812 2062 praemium
832 1979 926 2063 cepit,
940 1979 995 2043 sed
1013 1980 1125 2061 maior,

71 2096 97 2135 so
112 2069 168 2151 qui
192 2070 331 2151 capienti
350 2069 445 2132 dedit.
483 2067 576 2151 Quid,
595 2068 682 2150 quod
700 2069 780 2131 duos
798 2069 919 2151 pariter
936 2069 1032 2132 tertio
1052 2089 1125 2133 oon·
1144 2087 1159 2134 o

112 2159 231 2241 sulatu,
260 2159 339 2222 duos
368 2157 496 2242 collegii
522 2159 571 2222 tui
604 2158 773 2222 sanctitate
801 2157 982 2222 decorasti?
1014 2161 1051 2220 ut
1083 2158 1125 2220 sit

111 2248 233 2312 nemini
260 2247 393 2311 dubium
425 2246 508 2310 hano
539 2246 601 2310 tibi
628 2247 832 2330 praecipuam
865 2268 993 2311 causam
1025 2247 1125 2310 fuisse

112 2337 303 2401 extendendi
317 2338 502 2401 consulatus
520 2337 577 2421 tui,
592 2339 629 2399 ut
648 2336 783 2400 duorum
803 2337 987 2400 consulatus
1007 2336 1126 2419 ample-

112 2430 251 2490 cteretur
274 2426 495 2511 collegamque
516 2429 549 2489 te
567 2446 634 2489 non
651 2425 709 2488 uni
728 2424 824 2489 daret.
860 2423 1004 2510 Uterque
1022 2446 1126 2507 nuper
1145 2442 1160 2490 7

72 2540 97 2580 25
112 2516 315 2580 consulatum
339 2516 475 2579 alterum
494 2518 636 2599 gesserat
653 2537 672 2577 a
689 2518 779 2598 patre
798 2518 864 2597 tu0,
884 2514 917 2577 id
936 2518 984 2577 est
1003 2516 1124 2596 quanto

112 2604 217 2667 minus
238 2626 333 2686 quam
353 2627 372 2666 a
389 2607 430 2687 te,
450 2603 573 2667 datum!
596 2603 765 2685 utriusque
783 2603 888 2666 adhuc
907 2604 1008 2667 oculis
1027 2603 1124 2686 paulo

112 2696 185 2756 ante
210 2692 333 2756 dimissi
355 2693 456 2756 fasces
481 2692 681 2775 oberrabant,
699 2694 866 2775 utriusque
886 2692 1051 2756 sollemnis
1070 2692 1126 2755 ille

110 2781 264 2846 lictorum
287 2785 319 2845 et
342 2782 552 2864 praenuntius
576 2782 697 2845 clamor
714 2782 846 2845 auribus
864 2781 1032 2863 insederat,
1052 2800 1125 2845 cum

111 2892 221 2935 rursus
245 2871 364 2934 curulis
387 2891 560 2952 rursusque
582 2893 737 2954 purpura,
760 2874 797 2933 ut
820 2869 907 2954 olim,
926 2891 999 2934 cum
1021 2870 1125 2935 hostis

72 2986 98 3026 so
112 2960 147 3023 in
170 2959 317 3042 proximo
341 2963 374 3022 et
396 2960 431 3023 in
454 2981 615 3022 summum
639 2959 810 3023 discrimen
833 2959 969 3024 adducta
991 2982 1042 3023 res
1066 2982 1125 3042 pu-

112 3049 197 3114 blica
224 3052 391 3131 expertum
418 3048 595 3112 honoribus
617 3049 721 3112 virum
745 3052 900 3132 posceret,
922 3071 989 3113 non
1012 3069 1125 3113 consu·

111 3138 196 3203 latus
217 3138 403 3202 hominibus
426 3138 538 3219 isdem,
561 3137 719 3202 sedidem
738 3137 885 3201 homines
904 3137 1125 3202 consulatibus

111 3228 334 3292 reddebantur.
381 3225 483 3290 Tanta
511 3227 572 3290 tibi
599 3227 680 3290 bene
706 3227 845 3291 faciendi
871 3227 929 3309 vis,
958 3230 994 3290 ut
1021 3225 1161 3290 indul-8

185 3389 217 3437 17
236 3387 300 3439 tert.
321 3402 394 3438 cons.
414 3386 452 3439 K.
526 3389 558 3437 21
584 3383 697 3454 collegii
720 3384 809 3452 Lips,
828 3383 914 3449 ΚΠ,
938 3384 1049 3449 Burbu,
1069 3343 1129 3435 col-¹

96 3454 185 3525 legit
202 3458 238 3521 A,
257 3455 380 3526 collegas
399 3464 456 3510 cett.
476 3456 562 3522 codd,
582 3458 651 3510 KJ.
724 3461 762 3509 24
781 3458 814 3509 ts
832 3454 989 3521 collegam.
1005 3453 1147 3515 uuam&

111 3542 167 3578 non
186 3527 234 3578 uni
253 3527 320 3582 dare
338 3527 453 3583 licuisse
473 3527 578 3584 claret:
598 3531 727 3599 uterquc
745 3528 868 3592 Boelur,
886 3526 921 3578 st
938 3520 1096 3580 cobet&
1108 3520 1173 3569 Ψ

102 3598 197 3665 (quae)
209 3597 286 3652 codd.
353 3605 389 3654 32
408 3601 503 3658 iidem
521 3604 564 3660 K.
571 3605 616 3660 H.
