2506 3862
360 203 618 258 EPISTULARUM
635 205 674 259 111
693 205 811 259 ao-IV
831 212 854 261 1.
1072 207 1115 272 83

100 365 197 449 Nam,
219 371 392 450 postquam
412 368 563 432 desiimus
586 368 690 432 facere
710 369 877 452 laudanda,
895 370 1018 434 laudari
1038 393 1115 454 quo-

101 478 164 540 que
184 457 329 540 ineptum
348 460 507 541 putamus.
545 455 686 541 Quaeris,
706 458 761 540 qui
781 458 845 521 sint
868 460 1025 543 versiculi,
1047 462 1114 544 qui·
1132 477 1150 524 4

101 546 162 610 bus
183 546 319 630 gratiam
338 546 457 610 rettuli.
490 545 700 611 Remitterem
720 550 752 610 te
770 547 811 610 ad
829 547 934 629 ipsum
954 550 1114 633 volumen,

100 635 165 698 nisi
189 635 345 717 quosdam
368 638 522 719 tenerem3
546 638 592 718 tu,
615 636 643 699 si
665 636 844 719 placuerint
869 637 912 720 hi,
936 640 1057 701 ceteros
1081 640 1115 701 in

75 723 186 790 alibro
209 724 359 806 requires.
396 722 593 807 Adloquitur
610 722 746 807 Musam,
764 726 904 809 mandat,
922 730 960 790 ut
983 727 1113 791 domum
1133 743 1149 790 a

100 834 206 877 meam
229 811 386 895 Esquiliis
411 816 551 896 quaerat,
574 813 667 876 adeat
689 817 881 877 reverenter:

236 898 307 965 Sed
329 924 374 965 ne
397 905 568 985 tempore
591 923 666 965 non
688 906 753 966 tuo
778 902 958 966 disertam

235 992 365 1073 pulses
389 992 495 1054 ebria
518 991 682 1074 ianuam,
704 992 843 1055 videto.

235 1078 307 1143 Tot
293 1083 352 1143 tos
376 1080 499 1143 datte
505 1080 625 1144 tricae
649 1080 728 1143 dies
751 1079 959 1163 Minervae

236 1169 321 1231 dum
345 1172 432 1232 cen
437 1190 535 1232 ums
521 1169 651 1232 studet
675 1169 832 1233 auribus
855 1191 1024 1234 vrrorum

234 1256 319 1340 hoc,
343 1258 443 1340 quod
467 1258 618 1322 saecula
641 1258 864 1341 posterique
887 1260 1038 1341 possint

234 1344 389 1429 Arpinis
414 1368 564 1430 quoque
587 1368 807 1430 comparare
831 1348 953 1411 chart'
925 1351 984 1412 t.1s

237 1433 347 1499 Seras
370 1436 445 1499 tut
436 1456 494 1498 ror
517 1436 592 1499 ibis
615 1436 660 1499 ad
682 1437 871 1519 lucernas3

234 1523 326 1588 haec
349 1522 442 1587 hora
466 1528 559 1588 estt
564 1547 623 1608 ua,
646 1546 728 1589 cum
751 1524 848 1588 furit
834 1524 1031 1608 tLyaeus‚

62 1640 85 1679 15
234 1634 316 1677 cum
339 1617 474 1699 regnat
496 1635 595 1696 rosa,
619 1635 700 1678 cum
723 1614 875 1677 madent
899 1615 1041 1696 capilli.

234 1701 339 1766 Tunc
361 1724 417 1765 me
441 1704 501 1767 vel
523 1703 641 1787 rigidi
663 1703 795 1787 legant
819 1699 991 1765 Catones.

99 1789 258 1854 Meritone
282 1813 365 1874 eum,
384 1793 440 1874 qui
462 1791 541 1855 haec
564 1792 602 1854 de
625 1813 676 1854 me
700 1791 836 1875 scripsit,
855 1794 887 1854 et
910 1794 987 1855 tunc
1006 1792 1147 1858 dimisit

100 1879 294 1944 amicissime
324 1883 356 1943 et
385 1902 471 1944 nunc
500 1883 537 1943 ut
567 1880 796 1944 amicissimum
827 1879 1013 1943 defunctum
1044 1903 1112 1944 esse

101 1968 216 2032 doleo?
261 1967 359 2032 Dedit
382 1970 467 2032 enim
490 1967 580 2051 mihi,
609 1972 764 2051 quantum
791 1971 969 2033 maximum
996 1971 1112 2054 potuit,

60 2083 86 2122 ao
100 2058 233 2121 daturus
260 2058 412 2141 amplius,
442 2058 470 2122 si
498 2058 665 2140 potuisset.
710 2056 852 2122 Tametsi
882 2058 959 2141 quid
988 2060 1113 2123 homini

99 2149 208 2229 potest
231 2147 300 2209 dari
322 2146 426 2210 maius
454 2169 549 2230 quam
574 2147 676 2232 gloria
704 2150 736 2210 et
762 2147 832 2211 laus
860 2150 893 2210 et
920 2149 1111 2212 aeternitas?

100 2233 146 2298 At
167 2257 234 2299 non
258 2239 351 2298 arunt
374 2239 510 2319 aeterna,
534 2258 615 2319 quae
643 2236 778 2318 scripsit.
824 2233 901 2300 Non
928 2241 1021 2301 erunt
1048 2238 1112 2301 for·

100 2328 194 2408 tasse,
217 2325 272 2388 ille
290 2327 399 2387 tamen
418 2325 553 2408 scripsit,
572 2328 736 2407 tamquam
756 2328 861 2388 essent
879 2325 995 2389 futura.
1021 2325 1110 2389 Vale.

282 2575 318 2648 c.
345 2575 478 2648 Punu
507 2576 694 2650 cauom
723 2570 929 2650 saeuum

60 2778 84 2818 2⁵
254 2715 959 2823 EPISTULARUM

423 2891 554 2957 LIBER
578 2891 790 2969 QUARTUS.

595 3075 618 3133 Ι.

248 3177 276 3224 c.
300 3177 437 3224 nmmos
462 3176 599 3223 rnnnro
623 3175 827 3224 PROSOCERO
852 3177 917 3224 suo
942 3175 968 3223 s,

168 3265 265 3350 Cupis
293 3270 367 3351 post
393 3270 527 3353 longum
557 3270 683 3349 tempus
713 3269 841 3349 neptem
873 3269 962 3329 tuam
995 3281 1143 3347 mequei

59 3382 86 3421 ao
99 3379 164 3421 una
187 3357 302 3420 videre.
346 3354 478 3421 Gratum
502 3359 550 3420 est
572 3356 700 3438 utrique
723 3359 878 3438 nostrum,
902 3355 987 3437 quod
1010 3355 1109 3437 cupis,

100 3444 430 3516 mutuo.mehercule.
466 3443 552 3509 Nam
579 3445 717 3509 invicem
743 3465 805 3510 nos
830 3443 1022 3508 'incisurum
1041 3463 1122 3520 upo-
1136 3456 1163 3496 r.

163 3589 178 3634 1
200 3583 334 3638 desr'imue
347 3586 458 3656 Fpra,
471 3588 564 3660 ΚΠ,
580 3589 713 3648 desimus
733 3589 855 3656 MVD,
869 3585 948 3641 ΚᾸ.
971 3579 1027 3720 gd
1039 3592 1072 3642 l·
1083 3572 1168 3623 49³·ss-
