2506 3862
451 197 711 252 EPISTULARUM
729 204 806 254 6-9.
1070 202 1135 266 255

121 364 203 424 teret
238 360 274 424 in
310 360 521 444 municipium
558 362 728 426 transferre
765 363 888 428 adiecta
925 386 982 428 sua
1022 368 1135 430 statua

122 447 215 525 Quod
238 450 292 513 ille
316 449 396 514 mihi
420 471 493 514 eum
517 451 703 534 plenissimo
732 452 917 517 testimonio
947 453 1169 539 indulserat52

121 560 181 623 ego
219 540 329 603 statim
363 539 588 604 decurionibus
622 541 827 625 scripseram,
862 544 900 605 ut
932 542 1135 628 adsignarent

122 629 241 711 solum,
273 628 308 691 in
332 649 395 711 quo
419 630 577 711 templum
599 629 736 713 pecunia
763 652 834 694 mea
862 634 1054 716 extruerem3
1086 632 1134 696 illi

93 717 155 789 5in
177 717 333 781 honorem
358 718 462 800 operis
485 719 586 801 ipsius
606 718 795 783 electionem
817 720 881 784 loci
909 720 989 784 mihi
1013 722 1135 785 obtule·

120 810 201 869 rant.
248 805 311 870 Sed
333 807 474 889 primum
498 829 582 890 mea,
614 808 727 871 deinde
749 809 850 892 patris
873 809 921 873 tui
944 810 1169 894 valetudine,3

119 899 232 978 postea
256 895 339 959 curis
364 896 502 982 delegati
525 920 544 960 a
566 897 658 961 vobis
688 897 786 962 officii
809 901 951 962 retentus
981 921 1066 963 nunc
1088 899 1135 962 vi-

121 984 197 1047 deor
215 985 473 1050 commodissime
491 1008 585 1069 posse
603 986 636 1049 in
656 1008 724 1050 rem
741 990 941 1071 praesentem
960 1009 1133 1052 excurrere.

120 1071 204 1136 Nam
247 1077 279 1137 et
320 1078 520 1139 menstruum
561 1097 669 1139 meum
710 1076 854 1141 kalendis
892 1075 1133 1160 Septembribus

79 1195 105 1234 10
119 1162 249 1246 finitur,
285 1167 317 1227 et
353 1186 489 1247 sequens
528 1165 646 1228 mensis
685 1167 863 1248 complures
901 1167 966 1230 dies
1002 1166 1132 1230 feriatos

120 1250 225 1315 habet.
271 1252 365 1339 Rogo
390 1275 465 1339 ergo
490 1257 563 1317 ante
588 1253 708 1338 omnia,
741 1255 908 1337 permittas
936 1254 1015 1319 mihi
1044 1273 1168 1340 opus,4

120 1341 206 1423 quod
228 1341 436 1407 incohaturus
460 1365 541 1427 sum,
564 1365 717 1407 exornare
741 1347 772 1406 et
795 1346 851 1407 tua
874 1347 989 1428 statua,
1012 1345 1133 1430 deinde,

119 1434 155 1493 ut
187 1429 249 1495 hoc
281 1431 385 1496 faeere
419 1454 515 1515 quam
548 1432 763 1497 maturissime
800 1432 935 1517 possim,
967 1433 1132 1520 indulgeas

119 1524 343 1584 commeatum.
362 1520 439 1585 Non
453 1525 501 1585 est
520 1525 628 1586 autem
647 1522 863 1605 simplicitatis
882 1544 970 1586 meae
986 1523 1132 1587 dissimu·
1151 1539 1167 1588 5

79 1639 104 1679 15
119 1609 185 1671 lare
213 1610 298 1692 apud
330 1610 509 1674 bonitatem
541 1613 630 1674 tuam
664 1612 768 1675 obiter
798 1614 829 1675 te
861 1611 1035 1694 plurimum
1069 1612 1132 1676 col-

118 1699 259 1761 laturum
279 1699 474 1763 utilitatibus
493 1699 539 1762 rei
552 1699 720 1764 familiaris
734 1722 831 1764 meae.
857 1698 1019 1786 Agrorum
1038 1701 1132 1784 eninr,

120 1807 200 1868 quos
223 1787 258 1851 in
281 1788 391 1852 eadem
414 1789 544 1874 regione
567 1789 728 1872 possideo,
755 1789 888 1873 locatio,
916 1810 988 1853 cum
1012 1789 1132 1872 alioqui

120 1872 221 1937 0000
246 1877 390 1960 excedat,
413 1878 491 1941 adeo
514 1899 581 1941 non
607 1881 715 1960 potest
738 1877 870 1962 differri,
893 1881 930 1941 ut
951 1878 1131 1962 proximam

118 1964 318 2046 putationem
351 1987 454 2030 novus
487 1968 619 2030 colonus
650 1966 755 2031 faeere
790 1968 911 2031 debeat.
964 1966 1132 2032 Praeterea

78 2083 105 2122 ao
120 2053 289 2117 continuae
318 2055 502 2119 sterilitates
532 2059 653 2140 cogunt
680 2077 731 2120 me
755 2056 793 2120 de
815 2057 1057 2121 remissionibus
1081 2078 1131 2122 co-

119 2143 234 2227 gitare3
263 2166 398 2226 quarum
421 2145 579 2208 rationem
605 2145 669 2209 nisi
691 2167 841 2228 praesens
868 2146 949 2210 inire
971 2167 1037 2209 non
1059 2167 1131 2229 pos-

119 2255 198 2296 sum.
226 2231 359 2296 Debebo
380 2255 465 2319 ergo,
489 2234 626 2317 domine,
648 2235 866 2320 indulgentiae
889 2239 962 2299 tuae
982 2238 1014 2299 et
1031 2235 1130 2317 pieta-
1149 2253 1165 2301 6

118 2322 159 2384 tis
188 2344 276 2385 meae
305 2323 500 2386 celeritatem
529 2327 561 2386 et
588 2326 690 2388 status
722 2325 968 2408 ordinationem,
1000 2324 1027 2388 si
1050 2324 1130 2387 mihi

119 2411 159 2474 ob
183 2415 319 2494 utraque
341 2410 420 2476 haec
443 2412 566 2476 dederis
597 2416 811 2477 commeatum
838 2413 972 2499 triginta
999 2413 1129 2476 dierum.

78 2526 103 2566 as
118 2497 231 2582 Neque
255 2501 340 2564 enim
364 2502 531 2586 angustius
554 2506 681 2585 tempus
704 2502 872 2586 praefinire
892 2524 1033 2586 possum,
1057 2524 1129 2566 cum

119 2592 151 2651 et
174 2589 385 2672 municipium
409 2594 441 2654 et
465 2591 549 2675 agri,
581 2592 759 2674 dequibus
790 2593 919 2675 loquor,
952 2592 1016 2655 sint
1045 2592 1130 2654 ultra

119 2677 329 2742 centesimum
353 2683 386 2742 et
409 2678 710 2765 quinquagesimum
733 2681 881 2764 lapidem.

525 2844 574 2901 rx.
601 2839 720 2924 [xxv]

461 2944 634 2992 TRAIANUS
658 2944 788 2993 PLINIO.

76 3061 102 3100 so
182 3032 263 3116 †]lt
282 3034 400 3097 multas
419 3037 451 3097 et
471 3055 580 3098 omnes
599 3035 744 3118 publicas
768 3056 878 3099 causas
896 3034 1025 3118 petendi
1044 3056 1128 3099 com-

117 3127 240 3186 meatus
264 3123 443 3207 reddidisti;
475 3123 555 3186 mihi
583 3126 690 3187 autem
717 3125 768 3187 vel
796 3125 864 3188 sola
892 3125 1040 3188 voluntas
1072 3127 1128 3187 tua

117 3212 302 3276 suffecisset.
330 3210 444 3296 Neque
463 3213 548 3276 enim
568 3212 679 3277 dubito
699 3216 740 3295 te,
763 3215 800 3276 ut
817 3213 957 3295 primum
975 3213 1127 3296 potueris,

116 3300 156 3362 ad
179 3304 245 3364 tam
269 3301 450 3367 districtum
474 3302 616 3365 officium
640 3323 849 3367 reversurum.
881 3300 1026 3366 Statuam
1049 3301 1127 3385 poni

188 3445 203 3491 2
219 3439 299 3504 Quod
309 3440 424 3507 quidem
434 3441 503 3508 K.I,
518 3441 648 3511 quodque
658 3460 685 3496 o.
736 3446 770 3494 12
782 3439 1144 3506 incohatamdaoam.

113 3510 328 3576 11114111.
404 3516 439 3565 30
457 3512 495 3568 Et
509 3515 643 3585 privatas
659 3513 773 3569 multas
792 3516 824 3568 et
841 3527 945 3566 omnes
959 3501 1170 3563 semaam,

102 3578 142 3629 Et
157 3578 265 3632 multas
284 3583 314 3634 et
331 3581 460 3658 [omnes]
484 3587 571 3644 KJJ
588 3590 667 3647 11111.
688 3586 807 3643 unitas
832 3578 1029 3651 1111111111
1051 3570 1088 3618 ab
1098 3559 1193 3627 ubl-QX·
