<?xml version="1.0" encoding="UTF-8"?>
<!DOCTYPE html PUBLIC "-//W3C//DTD XHTML 1.0 Transitional//EN"
    "http://www.w3.org/TR/xhtml1/DTD/xhtml1-transitional.dtd">
<html xmlns="http://www.w3.org/1999/xhtml" xml:lang="en" lang="en">
 <head>
  <title>
</title>
<meta http-equiv="Content-Type" content="text/html;charset=utf-8" />
  <meta name='ocr-system' content='tesseract 3.04.00' />
  <meta name='ocr-capabilities' content='ocr_page ocr_carea ocr_par ocr_line ocrx_word'/>
</head>
<body>
  <div class='ocr_page' id='page_1' title='image "./cplinicaecilise04plingoog_0346.png"; bbox 0 0 2506 3862; ppageno 0'>
   <div class='ocr_carea' id='block_1_1' title="bbox 372 217 1110 281">
    <p class='ocr_par' dir='ltr' id='par_1_1' title="bbox 372 217 1110 281">
     <span class='ocr_line' id='line_1_1' title="bbox 372 217 1110 281; baseline 0.012 -9"><span class='ocrx_word' id='word_1_1' title='bbox 372 217 627 274; x_wconf 76' lang='lat' dir='ltr'><strong>PANEGYRIOUS</strong></span> <span class='ocrx_word' id='word_1_2' title='bbox 646 224 755 273; x_wconf 75' lang='grc'><strong>311-</strong></span> <span class='ocrx_word' id='word_1_3' title='bbox 766 225 839 272; x_wconf 71' lang='grc'><strong>411.</strong></span> <span class='ocrx_word' id='word_1_4' title='bbox 1045 218 1110 281; x_wconf 87' lang='grc'><strong>333</strong></span> 
     </span>
    </p>
   </div>
   <div class='ocr_carea' id='block_1_2' title="bbox 62 381 1168 3317">
    <p class='ocr_par' dir='ltr' id='par_1_2' title="bbox 62 381 1168 3317">
     <span class='ocr_line' id='line_1_2' title="bbox 99 381 1110 466; baseline -0.003 -19"><span class='ocrx_word' id='word_1_5' title='bbox 99 383 286 447; x_wconf 86' lang='lat' dir='ltr'><strong>donativum</strong></span> <span class='ocrx_word' id='word_1_6' title='bbox 316 383 498 465; x_wconf 81' lang='lat' dir='ltr'><strong>reddidisse,</strong></span> <span class='ocrx_word' id='word_1_7' title='bbox 528 383 727 466; x_wconf 79' lang='lat' dir='ltr'>congiarium</span> <span class='ocrx_word' id='word_1_8' title='bbox 758 382 923 464; x_wconf 89' lang='lat' dir='ltr'><strong>obtulisse,</strong></span> <span class='ocrx_word' id='word_1_9' title='bbox 954 381 1110 445; x_wconf 73' lang='lat' dir='ltr'><strong>delatores</strong></span> 
     </span>
     <span class='ocr_line' id='line_1_3' title="bbox 99 470 1111 557; baseline -0.001 -22"><span class='ocrx_word' id='word_1_10' title='bbox 99 472 258 557; x_wconf 78' lang='lat' dir='ltr'><strong>abegisse,</strong></span> <span class='ocrx_word' id='word_1_11' title='bbox 286 472 456 557; x_wconf 80' lang='lat' dir='ltr'><strong>vectigalia</strong></span> <span class='ocrx_word' id='word_1_12' title='bbox 483 476 690 556; x_wconf 77' lang='lat' dir='ltr'><strong>temperasse,</strong></span> <span class='ocrx_word' id='word_1_13' title='bbox 717 471 961 556; x_wconf 75' lang='lat' dir='ltr'><strong>interrogandus</strong></span> <span class='ocrx_word' id='word_1_14' title='bbox 986 470 1111 554; x_wconf 84' lang='lat' dir='ltr'><strong>videris,</strong></span> 
     </span>
     <span class='ocr_line' id='line_1_4' title="bbox 100 559 1111 644; baseline -0.003 -19"><span class='ocrx_word' id='word_1_15' title='bbox 100 562 218 626; x_wconf 89' lang='lat' dir='ltr'><strong>satisne</strong></span> <span class='ocrx_word' id='word_1_16' title='bbox 242 561 477 644; x_wconf 84' lang='lat' dir='ltr'><strong>computaveris</strong></span> <span class='ocrx_word' id='word_1_17' title='bbox 501 561 629 644; x_wconf 89' lang='lat' dir='ltr'><strong>imperii</strong></span> <span class='ocrx_word' id='word_1_18' title='bbox 651 560 782 624; x_wconf 90' lang='lat' dir='ltr'><strong>reditus.</strong></span> <span class='ocrx_word' id='word_1_19' title='bbox 819 559 872 624; x_wconf 86' lang='lat' dir='ltr'><strong>An</strong></span> <span class='ocrx_word' id='word_1_20' title='bbox 899 563 1005 624; x_wconf 87' lang='lat' dir='ltr'><strong>tantas</strong></span> <span class='ocrx_word' id='word_1_21' title='bbox 1028 561 1111 622; x_wconf 85' lang='lat' dir='ltr'><strong>vires</strong></span> 
     </span>
     <span class='ocr_line' id='line_1_5' title="bbox 99 649 1111 734; baseline -0.003 -21"><span class='ocrx_word' id='word_1_22' title='bbox 99 650 197 713; x_wconf 92' lang='lat' dir='ltr'><strong>habet</strong></span> <span class='ocrx_word' id='word_1_23' title='bbox 219 649 389 734; x_wconf 82' lang='lat' dir='ltr'><strong>frugalitas</strong></span> <span class='ocrx_word' id='word_1_24' title='bbox 411 650 575 733; x_wconf 91' lang='lat' dir='ltr'><strong>principis,</strong></span> <span class='ocrx_word' id='word_1_25' title='bbox 598 654 635 714; x_wconf 91' lang='lat' dir='ltr'><strong>ut</strong></span> <span class='ocrx_word' id='word_1_26' title='bbox 658 653 708 715; x_wconf 90' lang='lat' dir='ltr'><strong>tot</strong></span> <span class='ocrx_word' id='word_1_27' title='bbox 731 649 911 732; x_wconf 88' lang='lat' dir='ltr'><strong>impendiis,</strong></span> <span class='ocrx_word' id='word_1_28' title='bbox 930 652 980 712; x_wconf 89' lang='lat' dir='ltr'><strong>tot</strong></span> <span class='ocrx_word' id='word_1_29' title='bbox 1002 669 1111 732; x_wconf 83' lang='lat' dir='ltr'><strong>eroga-</strong></span> 
     </span>
     <span class='ocr_line' id='line_1_6' title="bbox 71 738 1147 821; baseline -0.001 -18"><span class='ocrx_word' id='word_1_30' title='bbox 71 740 241 804; x_wconf 81' lang='lat' dir='ltr'><strong>stionibus</strong></span> <span class='ocrx_word' id='word_1_31' title='bbox 265 740 334 803; x_wconf 84' lang='lat' dir='ltr'><strong>sola</strong></span> <span class='ocrx_word' id='word_1_32' title='bbox 357 739 517 803; x_wconf 78' lang='lat' dir='ltr'><strong>sufficiat?</strong></span> <span class='ocrx_word' id='word_1_33' title='bbox 553 738 638 803; x_wconf 87' lang='lat' dir='ltr'><strong>Nam</strong></span> <span class='ocrx_word' id='word_1_34' title='bbox 658 738 802 821; x_wconf 90' lang='lat' dir='ltr'><strong>quidest</strong></span> <span class='ocrx_word' id='word_1_35' title='bbox 822 760 944 820; x_wconf 86' lang='lat' dir='ltr'><strong>causae,</strong></span> <span class='ocrx_word' id='word_1_36' title='bbox 965 738 1111 802; x_wconf 90' lang='lat' dir='ltr'><strong>curaliis</strong></span> <span class='ocrx_word' id='word_1_37' title='bbox 1131 755 1147 802; x_wconf 79' lang='lat'><strong>2</strong></span> 
     </span>
     <span class='ocr_line' id='line_1_7' title="bbox 100 827 1113 912; baseline -0.004 -20"><span class='ocrx_word' id='word_1_38' title='bbox 100 829 238 912; x_wconf 90' lang='lat' dir='ltr'><strong>quidem,</strong></span> <span class='ocrx_word' id='word_1_39' title='bbox 262 849 334 891; x_wconf 91' lang='lat' dir='ltr'><strong>cum</strong></span> <span class='ocrx_word' id='word_1_40' title='bbox 359 829 466 892; x_wconf 88' lang='lat' dir='ltr'><strong>omnia</strong></span> <span class='ocrx_word' id='word_1_41' title='bbox 488 832 636 911; x_wconf 85' lang='lat' dir='ltr'><strong>raperent</strong></span> <span class='ocrx_word' id='word_1_42' title='bbox 660 832 693 891; x_wconf 91' lang='lat' dir='ltr'><strong>et</strong></span> <span class='ocrx_word' id='word_1_43' title='bbox 714 831 807 910; x_wconf 83' lang='lat' dir='ltr'><strong>rapta</strong></span> <span class='ocrx_word' id='word_1_44' title='bbox 824 827 1006 910; x_wconf 83' lang='lat' dir='ltr'><strong>retinerent,</strong></span> <span class='ocrx_word' id='word_1_45' title='bbox 1030 830 1066 888; x_wconf 88' lang='lat' dir='ltr'><strong>ut</strong></span> <span class='ocrx_word' id='word_1_46' title='bbox 1085 827 1113 891; x_wconf 90' lang='lat' dir='ltr'><strong>si</strong></span> 
     </span>
     <span class='ocr_line' id='line_1_8' title="bbox 99 916 1113 1001; baseline -0.001 -21"><span class='ocrx_word' id='word_1_47' title='bbox 99 917 182 981; x_wconf 87' lang='lat' dir='ltr'><strong>nihil</strong></span> <span class='ocrx_word' id='word_1_48' title='bbox 195 917 385 1001; x_wconf 82' lang='lat' dir='ltr'><strong>rapuissent,</strong></span> <span class='ocrx_word' id='word_1_49' title='bbox 404 916 487 981; x_wconf 91' lang='lat' dir='ltr'><strong>nihil</strong></span> <span class='ocrx_word' id='word_1_50' title='bbox 504 918 719 1000; x_wconf 85' lang='lat' dir='ltr'><strong>retinuissent,</strong></span> <span class='ocrx_word' id='word_1_51' title='bbox 735 916 893 980; x_wconf 90' lang='lat' dir='ltr'><strong>defuerint</strong></span> <span class='ocrx_word' id='word_1_52' title='bbox 913 917 1029 999; x_wconf 87' lang='lat' dir='ltr'><strong>omnia,</strong></span> <span class='ocrx_word' id='word_1_53' title='bbox 1043 916 1113 998; x_wconf 90' lang='lat' dir='ltr'><strong>tibi,</strong></span> 
     </span>
     <span class='ocr_line' id='line_1_9' title="bbox 101 1005 1113 1090; baseline -0.001 -21"><span class='ocrx_word' id='word_1_54' title='bbox 101 1027 172 1070; x_wconf 92' lang='lat' dir='ltr'><strong>oum</strong></span> <span class='ocrx_word' id='word_1_55' title='bbox 201 1011 266 1070; x_wconf 90' lang='lat' dir='ltr'><strong>tam</strong></span> <span class='ocrx_word' id='word_1_56' title='bbox 295 1008 397 1070; x_wconf 88' lang='lat' dir='ltr'><strong>multa</strong></span> <span class='ocrx_word' id='word_1_57' title='bbox 424 1007 571 1090; x_wconf 84' lang='lat' dir='ltr'><strong>largiaris</strong></span> <span class='ocrx_word' id='word_1_58' title='bbox 595 1010 627 1069; x_wconf 92' lang='lat' dir='ltr'><strong>et</strong></span> <span class='ocrx_word' id='word_1_59' title='bbox 648 1007 732 1069; x_wconf 89' lang='lat' dir='ltr'><strong>nihil</strong></span> <span class='ocrx_word' id='word_1_60' title='bbox 754 1006 894 1087; x_wconf 87' lang='lat' dir='ltr'><strong>auferas,</strong></span> <span class='ocrx_word' id='word_1_61' title='bbox 921 1009 958 1069; x_wconf 97' lang='lat' dir='ltr'><strong>ut</strong></span> <span class='ocrx_word' id='word_1_62' title='bbox 982 1006 1009 1069; x_wconf 87' lang='lat' dir='ltr'><strong>si</strong></span> <span class='ocrx_word' id='word_1_63' title='bbox 1031 1005 1113 1068; x_wconf 92' lang='lat' dir='ltr'><strong>nihil</strong></span> 
     </span>
     <span class='ocr_line' id='line_1_10' title="bbox 100 1093 1148 1180; baseline 0 -22"><span class='ocrx_word' id='word_1_64' title='bbox 100 1096 246 1180; x_wconf 88' lang='lat' dir='ltr'><strong>largiaris</strong></span> <span class='ocrx_word' id='word_1_65' title='bbox 261 1099 293 1158; x_wconf 93' lang='lat' dir='ltr'><strong>et</strong></span> <span class='ocrx_word' id='word_1_66' title='bbox 310 1096 433 1159; x_wconf 85' lang='lat' dir='ltr'><strong>auferas</strong></span> <span class='ocrx_word' id='word_1_67' title='bbox 448 1097 563 1174; x_wconf 77' lang='lat' dir='ltr'><strong>omniu,</strong></span> <span class='ocrx_word' id='word_1_68' title='bbox 583 1097 691 1159; x_wconf 89' lang='lat' dir='ltr'><strong>omnia</strong></span> <span class='ocrx_word' id='word_1_69' title='bbox 710 1096 890 1177; x_wconf 73' lang='lat' dir='ltr'><strong>supersint?</strong></span> <span class='ocrx_word' id='word_1_70' title='bbox 926 1093 1112 1177; x_wconf 86' lang='lat' dir='ltr'><strong>Numquam</strong></span> <span class='ocrx_word' id='word_1_71' title='bbox 1134 1111 1148 1157; x_wconf 80' lang='lat'><strong>3</strong></span> 
     </span>
     <span class='ocr_line' id='line_1_11' title="bbox 62 1184 1114 1269; baseline -0.002 -21"><span class='ocrx_word' id='word_1_72' title='bbox 62 1209 87 1248; x_wconf 85' lang='lat' dir='ltr'><strong>ro</strong></span> <span class='ocrx_word' id='word_1_73' title='bbox 101 1185 300 1268; x_wconf 87' lang='lat' dir='ltr'><strong>principibus</strong></span> <span class='ocrx_word' id='word_1_74' title='bbox 324 1185 502 1268; x_wconf 90' lang='lat' dir='ltr'><strong>defuerunt,</strong></span> <span class='ocrx_word' id='word_1_75' title='bbox 526 1184 580 1267; x_wconf 91' lang='lat' dir='ltr'><strong>qui</strong></span> <span class='ocrx_word' id='word_1_76' title='bbox 604 1185 710 1247; x_wconf 87' lang='lat' dir='ltr'><strong>fronte</strong></span> <span class='ocrx_word' id='word_1_77' title='bbox 733 1184 819 1247; x_wconf 89' lang='lat' dir='ltr'><strong>tristi</strong></span> <span class='ocrx_word' id='word_1_78' title='bbox 843 1188 874 1247; x_wconf 94' lang='lat' dir='ltr'><strong>et</strong></span> <span class='ocrx_word' id='word_1_79' title='bbox 897 1184 988 1269; x_wconf 81' lang='lat' dir='ltr'><strong>gravi</strong></span> <span class='ocrx_word' id='word_1_80' title='bbox 1007 1205 1114 1266; x_wconf 91' lang='lat' dir='ltr'><strong>super-</strong></span> 
     </span>
     <span class='ocr_line' id='line_1_12' title="bbox 102 1271 1114 1338; baseline 0 -2"><span class='ocrx_word' id='word_1_81' title='bbox 102 1272 176 1336; x_wconf 90' lang='lat' dir='ltr'><strong>cilio</strong></span> <span class='ocrx_word' id='word_1_82' title='bbox 200 1274 395 1337; x_wconf 88' lang='lat' dir='ltr'><strong>utilitatibus</strong></span> <span class='ocrx_word' id='word_1_83' title='bbox 418 1274 488 1337; x_wconf 90' lang='lat' dir='ltr'><strong>fisci</strong></span> <span class='ocrx_word' id='word_1_84' title='bbox 511 1274 744 1338; x_wconf 78' lang='lat' dir='ltr'><strong>contumaciter</strong></span> <span class='ocrx_word' id='word_1_85' title='bbox 767 1271 920 1336; x_wconf 89' lang='lat' dir='ltr'><strong>adessent.</strong></span> <span class='ocrx_word' id='word_1_86' title='bbox 957 1273 1002 1336; x_wconf 82' lang='lat' dir='ltr'><strong>Et</strong></span> <span class='ocrx_word' id='word_1_87' title='bbox 1024 1277 1114 1336; x_wconf 87' lang='lat' dir='ltr'><strong>erant</strong></span> 
     </span>
     <span class='ocr_line' id='line_1_13' title="bbox 101 1362 1114 1446; baseline -0.002 -19"><span class='ocrx_word' id='word_1_88' title='bbox 101 1364 264 1446; x_wconf 89' lang='lat' dir='ltr'><strong>principes</strong></span> <span class='ocrx_word' id='word_1_89' title='bbox 288 1363 350 1445; x_wconf 90' lang='lat' dir='ltr'><strong>ipsi</strong></span> <span class='ocrx_word' id='word_1_90' title='bbox 374 1385 431 1426; x_wconf 87' lang='lat' dir='ltr'><strong>sua</strong></span> <span class='ocrx_word' id='word_1_91' title='bbox 455 1366 568 1446; x_wconf 88' lang='lat' dir='ltr'><strong>sponte</strong></span> <span class='ocrx_word' id='word_1_92' title='bbox 593 1362 678 1426; x_wconf 84' lang='lat' dir='ltr'><strong>aridi</strong></span> <span class='ocrx_word' id='word_1_93' title='bbox 702 1366 733 1425; x_wconf 92' lang='lat' dir='ltr'><strong>et</strong></span> <span class='ocrx_word' id='word_1_94' title='bbox 756 1383 894 1445; x_wconf 82' lang='lat' dir='ltr'><strong>rapaces,</strong></span> <span class='ocrx_word' id='word_1_95' title='bbox 916 1366 947 1425; x_wconf 91' lang='lat' dir='ltr'><strong>et</strong></span> <span class='ocrx_word' id='word_1_96' title='bbox 971 1363 1027 1444; x_wconf 93' lang='lat' dir='ltr'><strong>qui</strong></span> <span class='ocrx_word' id='word_1_97' title='bbox 1049 1385 1114 1426; x_wconf 85' lang='lat' dir='ltr'><strong>mo-</strong></span> 
     </span>
     <span class='ocr_line' id='line_1_14' title="bbox 101 1451 1115 1536; baseline 0 -21"><span class='ocrx_word' id='word_1_98' title='bbox 101 1451 210 1536; x_wconf 82' lang='lat' dir='ltr'><strong>gistris</strong></span> <span class='ocrx_word' id='word_1_99' title='bbox 229 1473 295 1514; x_wconf 91' lang='lat' dir='ltr'><strong>non</strong></span> <span class='ocrx_word' id='word_1_100' title='bbox 314 1456 457 1536; x_wconf 71' lang='lat' dir='ltr'><strong>egerent,</strong></span> <span class='ocrx_word' id='word_1_101' title='bbox 475 1453 569 1534; x_wconf 89' lang='lat' dir='ltr'><strong>plura</strong></span> <span class='ocrx_word' id='word_1_102' title='bbox 586 1457 694 1515; x_wconf 87' lang='lat' dir='ltr'><strong>tamen</strong></span> <span class='ocrx_word' id='word_1_103' title='bbox 713 1473 872 1534; x_wconf 87' lang='lat' dir='ltr'><strong>sempera</strong></span> <span class='ocrx_word' id='word_1_104' title='bbox 890 1451 984 1515; x_wconf 91' lang='lat' dir='ltr'><strong>nobis</strong></span> <span class='ocrx_word' id='word_1_105' title='bbox 1003 1455 1115 1515; x_wconf 88' lang='lat' dir='ltr'><strong>contra</strong></span> 
     </span>
     <span class='ocr_line' id='line_1_15' title="bbox 102 1539 1115 1605; baseline -0.001 -1"><span class='ocrx_word' id='word_1_106' title='bbox 102 1562 161 1604; x_wconf 91' lang='lat' dir='ltr'><strong>nos</strong></span> <span class='ocrx_word' id='word_1_107' title='bbox 186 1541 373 1605; x_wconf 89' lang='lat' dir='ltr'><strong>didicerunt.</strong></span> <span class='ocrx_word' id='word_1_108' title='bbox 412 1539 474 1604; x_wconf 81' lang='lat' dir='ltr'><strong>Sed</strong></span> <span class='ocrx_word' id='word_1_109' title='bbox 497 1540 537 1603; x_wconf 90' lang='lat' dir='ltr'><strong>ad</strong></span> <span class='ocrx_word' id='word_1_110' title='bbox 560 1544 631 1604; x_wconf 91' lang='lat' dir='ltr'><strong>tuas</strong></span> <span class='ocrx_word' id='word_1_111' title='bbox 660 1561 751 1604; x_wconf 87' lang='lat' dir='ltr'><strong>aures</strong></span> <span class='ocrx_word' id='word_1_112' title='bbox 780 1561 853 1604; x_wconf 93' lang='lat' dir='ltr'><strong>cum</strong></span> <span class='ocrx_word' id='word_1_113' title='bbox 877 1541 989 1604; x_wconf 83' lang='lat' dir='ltr'><strong>ceteris</strong></span> <span class='ocrx_word' id='word_1_114' title='bbox 1014 1541 1115 1604; x_wconf 91' lang='lat' dir='ltr'><strong>omni-</strong></span> 
     </span>
     <span class='ocr_line' id='line_1_16' title="bbox 62 1629 1115 1695; baseline -0.002 -1"><span class='ocrx_word' id='word_1_115' title='bbox 62 1654 87 1695; x_wconf 84' lang='lat' dir='ltr'><strong>rs</strong></span> <span class='ocrx_word' id='word_1_116' title='bbox 102 1631 162 1693; x_wconf 93' lang='lat' dir='ltr'><strong>bus</strong></span> <span class='ocrx_word' id='word_1_117' title='bbox 190 1634 260 1693; x_wconf 93' lang='lat' dir='ltr'><strong>tum</strong></span> <span class='ocrx_word' id='word_1_118' title='bbox 288 1631 340 1693; x_wconf 86' lang='lat' dir='ltr'><strong>vel</strong></span> <span class='ocrx_word' id='word_1_119' title='bbox 367 1631 505 1692; x_wconf 85' lang='lat' dir='ltr'><strong>maxime</strong></span> <span class='ocrx_word' id='word_1_120' title='bbox 536 1629 639 1693; x_wconf 89' lang='lat' dir='ltr'><strong>avaris</strong></span> <span class='ocrx_word' id='word_1_121' title='bbox 668 1629 905 1693; x_wconf 88' lang='lat' dir='ltr'><strong>adulationibus</strong></span> <span class='ocrx_word' id='word_1_122' title='bbox 932 1629 1115 1692; x_wconf 89' lang='lat' dir='ltr'><strong>obstructus</strong></span> 
     </span>
     <span class='ocr_line' id='line_1_17' title="bbox 102 1717 1151 1802; baseline 0 -21"><span class='ocrx_word' id='word_1_123' title='bbox 102 1722 151 1781; x_wconf 87' lang='lat' dir='ltr'><strong>est</strong></span> <span class='ocrx_word' id='word_1_124' title='bbox 174 1718 287 1782; x_wconf 90' lang='lat' dir='ltr'><strong>aditus.</strong></span> <span class='ocrx_word' id='word_1_125' title='bbox 326 1717 429 1782; x_wconf 82' lang='lat' dir='ltr'><strong>Silent</strong></span> <span class='ocrx_word' id='word_1_126' title='bbox 448 1739 524 1802; x_wconf 85' lang='lat' dir='ltr'><strong>ergo</strong></span> <span class='ocrx_word' id='word_1_127' title='bbox 549 1722 581 1781; x_wconf 91' lang='lat' dir='ltr'><strong>et</strong></span> <span class='ocrx_word' id='word_1_128' title='bbox 604 1719 782 1802; x_wconf 88' lang='lat' dir='ltr'><strong>quiescunt,</strong></span> <span class='ocrx_word' id='word_1_129' title='bbox 800 1722 841 1800; x_wconf 92' lang='lat' dir='ltr'><strong>et,</strong></span> <span class='ocrx_word' id='word_1_130' title='bbox 859 1721 1031 1801; x_wconf 91' lang='lat' dir='ltr'><strong>postquam</strong></span> <span class='ocrx_word' id='word_1_131' title='bbox 1050 1735 1151 1782; x_wconf 68' lang='lat' dir='ltr'><strong>nona</strong></span> 
     </span>
     <span class='ocr_line' id='line_1_18' title="bbox 103 1805 1116 1890; baseline 0 -20"><span class='ocrx_word' id='word_1_132' title='bbox 103 1811 160 1890; x_wconf 90' lang='lat' dir='ltr'><strong>est,</strong></span> <span class='ocrx_word' id='word_1_133' title='bbox 180 1809 231 1871; x_wconf 90' lang='lat' dir='ltr'><strong>oui</strong></span> <span class='ocrx_word' id='word_1_134' title='bbox 250 1808 430 1890; x_wconf 87' lang='lat' dir='ltr'><strong>suadeatur,</strong></span> <span class='ocrx_word' id='word_1_135' title='bbox 448 1808 505 1889; x_wconf 93' lang='lat' dir='ltr'><strong>qui</strong></span> <span class='ocrx_word' id='word_1_136' title='bbox 526 1807 688 1890; x_wconf 86' lang='lat' dir='ltr'><strong>suadeant,</strong></span> <span class='ocrx_word' id='word_1_137' title='bbox 706 1829 773 1871; x_wconf 90' lang='lat' dir='ltr'><strong>non</strong></span> <span class='ocrx_word' id='word_1_138' title='bbox 791 1811 873 1872; x_wconf 90' lang='lat' dir='ltr'><strong>sunt.</strong></span> <span class='ocrx_word' id='word_1_139' title='bbox 911 1805 981 1882; x_wconf 81' lang='lat' dir='ltr'><strong>Quo</strong></span> <span class='ocrx_word' id='word_1_140' title='bbox 1001 1807 1116 1890; x_wconf 85' lang='lat' dir='ltr'><strong>evenit,</strong></span> 
     </span>
     <span class='ocr_line' id='line_1_19' title="bbox 103 1896 1116 1979; baseline 0.002 -21"><span class='ocrx_word' id='word_1_141' title='bbox 103 1900 148 1978; x_wconf 92' lang='lat' dir='ltr'><strong>ut,</strong></span> <span class='ocrx_word' id='word_1_142' title='bbox 168 1916 240 1959; x_wconf 90' lang='lat' dir='ltr'><strong>cum</strong></span> <span class='ocrx_word' id='word_1_143' title='bbox 259 1897 434 1979; x_wconf 91' lang='lat' dir='ltr'><strong>plurimum</strong></span> <span class='ocrx_word' id='word_1_144' title='bbox 453 1897 514 1960; x_wconf 87' lang='lat' dir='ltr'><strong>tibi</strong></span> <span class='ocrx_word' id='word_1_145' title='bbox 533 1918 591 1979; x_wconf 93' lang='lat' dir='ltr'><strong>pro</strong></span> <span class='ocrx_word' id='word_1_146' title='bbox 610 1897 685 1979; x_wconf 91' lang='lat' dir='ltr'><strong>tuis,</strong></span> <span class='ocrx_word' id='word_1_147' title='bbox 702 1897 775 1979; x_wconf 91' lang='lat' dir='ltr'><strong>plus</strong></span> <span class='ocrx_word' id='word_1_148' title='bbox 795 1899 902 1960; x_wconf 90' lang='lat' dir='ltr'><strong>tamen</strong></span> <span class='ocrx_word' id='word_1_149' title='bbox 918 1917 977 1979; x_wconf 94' lang='lat' dir='ltr'><strong>pro</strong></span> <span class='ocrx_word' id='word_1_150' title='bbox 996 1896 1116 1960; x_wconf 77' lang='lat' dir='ltr'><strong>nostris</strong></span> 
     </span>
     <span class='ocr_line' id='line_1_20' title="bbox 103 1985 450 2049; baseline -0.003 -1"><span class='ocrx_word' id='word_1_151' title='bbox 103 1985 247 2048; x_wconf 91' lang='lat' dir='ltr'><strong>moribus</strong></span> <span class='ocrx_word' id='word_1_152' title='bbox 271 1986 450 2049; x_wconf 90' lang='lat' dir='ltr'><strong>debeamus.</strong></span> 
     </span>
     <span class='ocr_line' id='line_1_21' title="bbox 62 2071 1168 2157; baseline 0 -19"><span class='ocrx_word' id='word_1_153' title='bbox 62 2099 89 2138; x_wconf 79' lang='lat' dir='ltr'><strong>ao</strong></span> <span class='ocrx_word' id='word_1_154' title='bbox 171 2074 428 2157; x_wconf 85' lang='lat' dir='ltr'><strong>Locuplctabant</strong></span> <span class='ocrx_word' id='word_1_155' title='bbox 451 2077 483 2137; x_wconf 92' lang='lat' dir='ltr'><strong>et</strong></span> <span class='ocrx_word' id='word_1_156' title='bbox 505 2075 619 2138; x_wconf 90' lang='lat' dir='ltr'><strong>fiscum</strong></span> <span class='ocrx_word' id='word_1_157' title='bbox 643 2077 675 2138; x_wconf 90' lang='lat' dir='ltr'><strong>et</strong></span> <span class='ocrx_word' id='word_1_158' title='bbox 698 2074 854 2138; x_wconf 88' lang='lat' dir='ltr'><strong>aerarium</strong></span> <span class='ocrx_word' id='word_1_159' title='bbox 877 2095 944 2138; x_wconf 88' lang='lat' dir='ltr'><strong>non</strong></span> <span class='ocrx_word' id='word_1_160' title='bbox 966 2078 1032 2138; x_wconf 86' lang='lat' dir='ltr'><strong>tam</strong></span> <span class='ocrx_word' id='word_1_161' title='bbox 1052 2071 1168 2138; x_wconf 57' lang='lat' dir='ltr'><strong>Vri-42</strong></span> 
     </span>
     <span class='ocr_line' id='line_1_22' title="bbox 105 2161 1117 2248; baseline 0.002 -22"><span class='ocrx_word' id='word_1_162' title='bbox 105 2164 216 2226; x_wconf 87' lang='lat' dir='ltr'><strong>coniac</strong></span> <span class='ocrx_word' id='word_1_163' title='bbox 248 2167 280 2226; x_wconf 91' lang='lat' dir='ltr'><strong>et</strong></span> <span class='ocrx_word' id='word_1_164' title='bbox 309 2161 411 2228; x_wconf 80' lang='lat' dir='ltr'><strong>iuliae</strong></span> <span class='ocrx_word' id='word_1_165' title='bbox 439 2163 527 2248; x_wconf 85' lang='lat' dir='ltr'><strong>leges</strong></span> <span class='ocrx_word' id='word_1_166' title='bbox 558 2185 652 2247; x_wconf 90' lang='lat' dir='ltr'><strong>quam</strong></span> <span class='ocrx_word' id='word_1_167' title='bbox 686 2163 863 2227; x_wconf 88' lang='lat' dir='ltr'><strong>maiestatis</strong></span> <span class='ocrx_word' id='word_1_168' title='bbox 894 2165 1055 2248; x_wconf 85' lang='lat' dir='ltr'><strong>singulare</strong></span> <span class='ocrx_word' id='word_1_169' title='bbox 1085 2168 1117 2228; x_wconf 91' lang='lat' dir='ltr'><strong>et</strong></span> 
     </span>
     <span class='ocr_line' id='line_1_23' title="bbox 103 2251 1117 2336; baseline 0 -20"><span class='ocrx_word' id='word_1_170' title='bbox 103 2253 234 2317; x_wconf 90' lang='lat' dir='ltr'><strong>unicum</strong></span> <span class='ocrx_word' id='word_1_171' title='bbox 256 2253 376 2317; x_wconf 90' lang='lat' dir='ltr'><strong>crimen</strong></span> <span class='ocrx_word' id='word_1_172' title='bbox 395 2274 515 2335; x_wconf 89' lang='lat' dir='ltr'><strong>eorum,</strong></span> <span class='ocrx_word' id='word_1_173' title='bbox 535 2254 590 2336; x_wconf 91' lang='lat' dir='ltr'><strong>qui</strong></span> <span class='ocrx_word' id='word_1_174' title='bbox 610 2252 743 2333; x_wconf 83' lang='lat' dir='ltr'><strong>crimine</strong></span> <span class='ocrx_word' id='word_1_175' title='bbox 762 2257 920 2317; x_wconf 83' lang='lat' dir='ltr'><strong>vacarent.</strong></span> <span class='ocrx_word' id='word_1_176' title='bbox 956 2251 1062 2317; x_wconf 91' lang='lat' dir='ltr'><strong>Huius</strong></span> <span class='ocrx_word' id='word_1_177' title='bbox 1080 2257 1117 2316; x_wconf 91' lang='lat' dir='ltr'><strong>tu</strong></span> 
     </span>
     <span class='ocr_line' id='line_1_24' title="bbox 103 2341 1117 2425; baseline -0.001 -20"><span class='ocrx_word' id='word_1_178' title='bbox 103 2346 225 2405; x_wconf 88' lang='lat' dir='ltr'><strong>motum</strong></span> <span class='ocrx_word' id='word_1_179' title='bbox 253 2341 381 2425; x_wconf 90' lang='lat' dir='ltr'><strong>penitus</strong></span> <span class='ocrx_word' id='word_1_180' title='bbox 410 2341 569 2406; x_wconf 88' lang='lat' dir='ltr'><strong>sustulisti</strong></span> <span class='ocrx_word' id='word_1_181' title='bbox 597 2344 767 2406; x_wconf 85' lang='lat' dir='ltr'><strong>contentus</strong></span> <span class='ocrx_word' id='word_1_182' title='bbox 794 2341 1024 2425; x_wconf 84' lang='lat' dir='ltr'><strong>magnitudine,</strong></span> <span class='ocrx_word' id='word_1_183' title='bbox 1055 2363 1117 2425; x_wconf 92' lang='lat' dir='ltr'><strong>qua</strong></span> 
     </span>
     <span class='ocr_line' id='line_1_25' title="bbox 103 2430 1118 2518; baseline 0.001 -24"><span class='ocrx_word' id='word_1_184' title='bbox 103 2433 185 2518; x_wconf 90' lang='lat' dir='ltr'><strong>nulli</strong></span> <span class='ocrx_word' id='word_1_185' title='bbox 209 2431 312 2516; x_wconf 87' lang='lat' dir='ltr'><strong>magis</strong></span> <span class='ocrx_word' id='word_1_186' title='bbox 336 2434 515 2515; x_wconf 87' lang='lat' dir='ltr'><strong>caruerunt,</strong></span> <span class='ocrx_word' id='word_1_187' title='bbox 539 2453 636 2514; x_wconf 91' lang='lat' dir='ltr'><strong>quam</strong></span> <span class='ocrx_word' id='word_1_188' title='bbox 660 2432 715 2514; x_wconf 92' lang='lat' dir='ltr'><strong>qui</strong></span> <span class='ocrx_word' id='word_1_189' title='bbox 739 2430 800 2495; x_wconf 91' lang='lat' dir='ltr'><strong>sibi</strong></span> <span class='ocrx_word' id='word_1_190' title='bbox 828 2431 1027 2495; x_wconf 88' lang='lat' dir='ltr'><strong>maiestatem</strong></span> <span class='ocrx_word' id='word_1_191' title='bbox 1050 2431 1118 2495; x_wconf 84' lang='lat' dir='ltr'><strong>vin-</strong></span> 
     </span>
     <span class='ocr_line' id='line_1_26' title="bbox 64 2519 1152 2603; baseline 0.001 -21"><span class='ocrx_word' id='word_1_192' title='bbox 64 2543 89 2582; x_wconf 74' lang='grc'><strong>11</strong></span> <span class='ocrx_word' id='word_1_193' title='bbox 106 2519 263 2584; x_wconf 88' lang='lat' dir='ltr'><strong>dicabant.</strong></span> <span class='ocrx_word' id='word_1_194' title='bbox 300 2520 439 2583; x_wconf 87' lang='lat' dir='ltr'><strong>Reddita</strong></span> <span class='ocrx_word' id='word_1_195' title='bbox 462 2524 511 2584; x_wconf 92' lang='lat' dir='ltr'><strong>est</strong></span> <span class='ocrx_word' id='word_1_196' title='bbox 533 2521 645 2584; x_wconf 90' lang='lat' dir='ltr'><strong>amicis</strong></span> <span class='ocrx_word' id='word_1_197' title='bbox 662 2520 751 2602; x_wconf 91' lang='lat' dir='ltr'><strong>fides,</strong></span> <span class='ocrx_word' id='word_1_198' title='bbox 768 2519 880 2584; x_wconf 91' lang='lat' dir='ltr'><strong>liberis</strong></span> <span class='ocrx_word' id='word_1_199' title='bbox 897 2520 1009 2603; x_wconf 90' lang='lat' dir='ltr'><strong>pietas,</strong></span> <span class='ocrx_word' id='word_1_200' title='bbox 1029 2521 1118 2584; x_wconf 88' lang='lat' dir='ltr'><strong>obse·</strong></span> <span class='ocrx_word' id='word_1_201' title='bbox 1137 2537 1152 2583; x_wconf 79' lang='lat'><strong>‘2</strong></span> 
     </span>
     <span class='ocr_line' id='line_1_27' title="bbox 107 2608 1116 2693; baseline 0 -22"><span class='ocrx_word' id='word_1_202' title='bbox 107 2610 218 2691; x_wconf 90' lang='lat' dir='ltr'><strong>quium</strong></span> <span class='ocrx_word' id='word_1_203' title='bbox 242 2609 355 2693; x_wconf 70' lang='lat' dir='ltr'><strong>servia,</strong></span> <span class='ocrx_word' id='word_1_204' title='bbox 378 2612 529 2674; x_wconf 83' lang='lat' dir='ltr'><strong>verentur</strong></span> <span class='ocrx_word' id='word_1_205' title='bbox 556 2613 588 2674; x_wconf 92' lang='lat' dir='ltr'><strong>et</strong></span> <span class='ocrx_word' id='word_1_206' title='bbox 615 2613 729 2692; x_wconf 90' lang='lat' dir='ltr'><strong>parent</strong></span> <span class='ocrx_word' id='word_1_207' title='bbox 756 2613 788 2673; x_wconf 92' lang='lat' dir='ltr'><strong>et</strong></span> <span class='ocrx_word' id='word_1_208' title='bbox 815 2609 963 2673; x_wconf 91' lang='lat' dir='ltr'><strong>dominos</strong></span> <span class='ocrx_word' id='word_1_209' title='bbox 989 2608 1116 2673; x_wconf 89' lang='lat' dir='ltr'><strong>habent.</strong></span> 
     </span>
     <span class='ocr_line' id='line_1_28' title="bbox 104 2695 1153 2782; baseline 0 -22"><span class='ocrx_word' id='word_1_210' title='bbox 104 2695 181 2760; x_wconf 88' lang='lat' dir='ltr'><strong>Non</strong></span> <span class='ocrx_word' id='word_1_211' title='bbox 210 2699 294 2760; x_wconf 90' lang='lat' dir='ltr'><strong>enim</strong></span> <span class='ocrx_word' id='word_1_212' title='bbox 323 2699 386 2761; x_wconf 90' lang='lat' dir='ltr'><strong>iam</strong></span> <span class='ocrx_word' id='word_1_213' title='bbox 416 2699 499 2761; x_wconf 89' lang='lat' dir='ltr'><strong>servi</strong></span> <span class='ocrx_word' id='word_1_214' title='bbox 527 2700 629 2762; x_wconf 82' lang='lat' dir='ltr'><strong>nostri</strong></span> <span class='ocrx_word' id='word_1_215' title='bbox 655 2698 811 2782; x_wconf 86' lang='lat' dir='ltr'><strong>principis</strong></span> <span class='ocrx_word' id='word_1_216' title='bbox 840 2699 947 2780; x_wconf 87' lang='lat' dir='ltr'><strong>amici,</strong></span> <span class='ocrx_word' id='word_1_217' title='bbox 975 2697 1030 2761; x_wconf 90' lang='lat' dir='ltr'><strong>sed</strong></span> <span class='ocrx_word' id='word_1_218' title='bbox 1059 2715 1153 2762; x_wconf 87' lang='lat' dir='ltr'><strong>nos3</strong></span> 
     </span>
     <span class='ocr_line' id='line_1_29' title="bbox 105 2787 1118 2870; baseline 0 -21"><span class='ocrx_word' id='word_1_219' title='bbox 105 2808 225 2869; x_wconf 89' lang='lat' dir='ltr'><strong>sumus,</strong></span> <span class='ocrx_word' id='word_1_220' title='bbox 248 2808 307 2852; x_wconf 91' lang='lat' dir='ltr'><strong>nce</strong></span> <span class='ocrx_word' id='word_1_221' title='bbox 329 2790 421 2870; x_wconf 87' lang='lat' dir='ltr'><strong>pater</strong></span> <span class='ocrx_word' id='word_1_222' title='bbox 443 2788 565 2870; x_wconf 88' lang='lat' dir='ltr'><strong>patriae</strong></span> <span class='ocrx_word' id='word_1_223' title='bbox 588 2788 701 2852; x_wconf 89' lang='lat' dir='ltr'><strong>alienis</strong></span> <span class='ocrx_word' id='word_1_224' title='bbox 725 2809 758 2852; x_wconf 91' lang='lat' dir='ltr'><strong>se</strong></span> <span class='ocrx_word' id='word_1_225' title='bbox 776 2787 945 2870; x_wconf 90' lang='lat' dir='ltr'><strong>mancipiis</strong></span> <span class='ocrx_word' id='word_1_226' title='bbox 965 2788 1118 2851; x_wconf 88' lang='lat' dir='ltr'><strong>cariorem</strong></span> 
     </span>
     <span class='ocr_line' id='line_1_30' title="bbox 106 2874 1118 2959; baseline 0.002 -22"><span class='ocrx_word' id='word_1_227' title='bbox 106 2898 202 2959; x_wconf 90' lang='lat' dir='ltr'><strong>quam</strong></span> <span class='ocrx_word' id='word_1_228' title='bbox 227 2875 350 2939; x_wconf 89' lang='lat' dir='ltr'><strong>civibus</strong></span> <span class='ocrx_word' id='word_1_229' title='bbox 370 2876 436 2939; x_wconf 88' lang='lat' dir='ltr'><strong>suis</strong></span> <span class='ocrx_word' id='word_1_230' title='bbox 455 2875 564 2940; x_wconf 88' lang='lat' dir='ltr'><strong>eredit.</strong></span> <span class='ocrx_word' id='word_1_231' title='bbox 603 2874 716 2940; x_wconf 87' lang='lat' dir='ltr'><strong>Omnis</strong></span> <span class='ocrx_word' id='word_1_232' title='bbox 739 2880 923 2941; x_wconf 86' lang='lat' dir='ltr'><strong>accusatore</strong></span> <span class='ocrx_word' id='word_1_233' title='bbox 943 2877 1118 2940; x_wconf 89' lang='lat' dir='ltr'><strong>domestico</strong></span> 
     </span>
     <span class='ocr_line' id='line_1_31' title="bbox 65 2964 1120 3051; baseline -0.001 -22"><span class='ocrx_word' id='word_1_234' title='bbox 65 2990 92 3030; x_wconf 86' lang='lat' dir='ltr'><strong>so</strong></span> <span class='ocrx_word' id='word_1_235' title='bbox 105 2965 251 3029; x_wconf 87' lang='lat' dir='ltr'><strong>liberasti</strong></span> <span class='ocrx_word' id='word_1_236' title='bbox 281 2986 409 3047; x_wconf 89' lang='lat' dir='ltr'><strong>unoque</strong></span> <span class='ocrx_word' id='word_1_237' title='bbox 440 2964 553 3029; x_wconf 90' lang='lat' dir='ltr'><strong>salutis</strong></span> <span class='ocrx_word' id='word_1_238' title='bbox 582 2965 731 3048; x_wconf 90' lang='lat' dir='ltr'><strong>publicae</strong></span> <span class='ocrx_word' id='word_1_239' title='bbox 762 2965 855 3051; x_wconf 82' lang='lat' dir='ltr'><strong>signo</strong></span> <span class='ocrx_word' id='word_1_240' title='bbox 889 2965 978 3048; x_wconf 93' lang='lat' dir='ltr'><strong>illud,</strong></span> <span class='ocrx_word' id='word_1_241' title='bbox 1008 2969 1045 3029; x_wconf 93' lang='lat' dir='ltr'><strong>ut</strong></span> <span class='ocrx_word' id='word_1_242' title='bbox 1074 2967 1120 3028; x_wconf 91' lang='lat' dir='ltr'><strong>sic</strong></span> 
     </span>
     <span class='ocr_line' id='line_1_32' title="bbox 107 3052 1119 3138; baseline 0 -22"><span class='ocrx_word' id='word_1_243' title='bbox 107 3052 252 3136; x_wconf 86' lang='lat' dir='ltr'><strong>dixerim,</strong></span> <span class='ocrx_word' id='word_1_244' title='bbox 276 3055 388 3118; x_wconf 88' lang='lat' dir='ltr'><strong>servile</strong></span> <span class='ocrx_word' id='word_1_245' title='bbox 411 3053 533 3117; x_wconf 91' lang='lat' dir='ltr'><strong>bellum</strong></span> <span class='ocrx_word' id='word_1_246' title='bbox 562 3055 729 3118; x_wconf 90' lang='lat' dir='ltr'><strong>sustulisti.</strong></span> <span class='ocrx_word' id='word_1_247' title='bbox 766 3053 804 3118; x_wconf 93' lang='lat' dir='ltr'><strong>In</strong></span> <span class='ocrx_word' id='word_1_248' title='bbox 828 3076 891 3138; x_wconf 96' lang='lat' dir='ltr'><strong>quo</strong></span> <span class='ocrx_word' id='word_1_249' title='bbox 919 3077 985 3118; x_wconf 90' lang='lat' dir='ltr'><strong>non</strong></span> <span class='ocrx_word' id='word_1_250' title='bbox 1012 3055 1119 3118; x_wconf 89' lang='lat' dir='ltr'><strong>minus</strong></span> 
     </span>
     <span class='ocr_line' id='line_1_33' title="bbox 106 3143 1120 3228; baseline -0.001 -22"><span class='ocrx_word' id='word_1_251' title='bbox 106 3143 205 3207; x_wconf 87' lang='lat' dir='ltr'><strong>servis</strong></span> <span class='ocrx_word' id='word_1_252' title='bbox 239 3164 334 3225; x_wconf 91' lang='lat' dir='ltr'><strong>quam</strong></span> <span class='ocrx_word' id='word_1_253' title='bbox 367 3143 506 3206; x_wconf 88' lang='lat' dir='ltr'><strong>dominis</strong></span> <span class='ocrx_word' id='word_1_254' title='bbox 537 3144 741 3228; x_wconf 72' lang='lat' dir='ltr'><strong>praestitisti,</strong></span> <span class='ocrx_word' id='word_1_255' title='bbox 773 3164 832 3208; x_wconf 92' lang='lat' dir='ltr'><strong>nos</strong></span> <span class='ocrx_word' id='word_1_256' title='bbox 865 3143 950 3207; x_wconf 88' lang='lat' dir='ltr'><strong>enim</strong></span> <span class='ocrx_word' id='word_1_257' title='bbox 983 3165 1120 3225; x_wconf 77' lang='lat' dir='ltr'><strong>securoS,</strong></span> 
     </span>
     <span class='ocr_line' id='line_1_34' title="bbox 106 3229 1154 3317; baseline -0.001 -23"><span class='ocrx_word' id='word_1_258' title='bbox 106 3232 179 3295; x_wconf 92' lang='lat' dir='ltr'><strong>illos</strong></span> <span class='ocrx_word' id='word_1_259' title='bbox 203 3232 306 3296; x_wconf 87' lang='lat' dir='ltr'><strong>bonos</strong></span> <span class='ocrx_word' id='word_1_260' title='bbox 328 3232 443 3297; x_wconf 87' lang='lat' dir='ltr'><strong>fecisti.</strong></span> <span class='ocrx_word' id='word_1_261' title='bbox 479 3229 558 3295; x_wconf 90' lang='lat' dir='ltr'><strong>Non</strong></span> <span class='ocrx_word' id='word_1_262' title='bbox 580 3232 629 3295; x_wconf 89' lang='lat' dir='ltr'><strong>vis</strong></span> <span class='ocrx_word' id='word_1_263' title='bbox 651 3232 687 3296; x_wconf 92' lang='lat' dir='ltr'><strong>in</strong></span> <span class='ocrx_word' id='word_1_264' title='bbox 709 3235 743 3297; x_wconf 87' lang='lat' dir='ltr'><strong>te&#39;</strong></span> <span class='ocrx_word' id='word_1_265' title='bbox 765 3255 801 3296; x_wconf 88' lang='lat' dir='ltr'><strong>ea</strong></span> <span class='ocrx_word' id='word_1_266' title='bbox 819 3232 956 3317; x_wconf 73' lang='lat' dir='ltr'><strong>laudari,</strong></span> <span class='ocrx_word' id='word_1_267' title='bbox 979 3253 1039 3295; x_wconf 90' lang='lat' dir='ltr'><strong>nec</strong></span> <span class='ocrx_word' id='word_1_268' title='bbox 1056 3232 1120 3294; x_wconf 87' lang='lat' dir='ltr'><strong>fcr—</strong></span> <span class='ocrx_word' id='word_1_269' title='bbox 1138 3249 1154 3294; x_wconf 85' lang='lat'>4</span> 
     </span>
    </p>
   </div>
   <div class='ocr_carea' id='block_1_3' title="bbox 99 3388 1192 3678">
    <p class='ocr_par' dir='ltr' id='par_1_3' title="bbox 99 3388 1192 3678">
     <span class='ocr_line' id='line_1_35' title="bbox 179 3388 1121 3460; baseline 0 -20"><span class='ocrx_word' id='word_1_270' title='bbox 179 3393 193 3440; x_wconf 76' lang='lat' dir='ltr'><strong>t</strong></span> <span class='ocrx_word' id='word_1_271' title='bbox 218 3389 290 3443; x_wconf 91' lang='lat' dir='ltr'><strong>nihil</strong></span> <span class='ocrx_word' id='word_1_272' title='bbox 309 3390 491 3444; x_wconf 88' lang='lat' dir='ltr'><strong>retinuissent</strong></span> <span class='ocrx_word' id='word_1_273' title='bbox 509 3390 546 3454; x_wconf 81' lang='lat' dir='ltr'><strong>A,</strong></span> <span class='ocrx_word' id='word_1_274' title='bbox 565 3389 669 3454; x_wconf 74' lang='lat' dir='ltr'><strong>Licin,</strong></span> <span class='ocrx_word' id='word_1_275' title='bbox 687 3406 738 3444; x_wconf 82' lang='lat' dir='ltr'><strong>om.</strong></span> <span class='ocrx_word' id='word_1_276' title='bbox 757 3391 830 3460; x_wconf 74' lang='lat' dir='ltr'><strong>vulp.</strong></span> <span class='ocrx_word' id='word_1_277' title='bbox 916 3395 932 3442; x_wconf 90' lang='lat'><em>8</em></span> <span class='ocrx_word' id='word_1_278' title='bbox 956 3391 989 3442; x_wconf 93' lang='lat' dir='ltr'><strong>ut</strong></span> <span class='ocrx_word' id='word_1_279' title='bbox 1007 3389 1031 3441; x_wconf 91' lang='lat' dir='ltr'><strong>si</strong></span> <span class='ocrx_word' id='word_1_280' title='bbox 1049 3388 1121 3440; x_wconf 89' lang='lat' dir='ltr'><strong>nihil</strong></span> 
     </span>
     <span class='ocr_line' id='line_1_36' title="bbox 106 3458 1139 3528; baseline 0.008 -18"><span class='ocrx_word' id='word_1_281' title='bbox 106 3458 177 3528; x_wconf 79' lang='lat' dir='ltr'><strong>larg.</strong></span> <span class='ocrx_word' id='word_1_282' title='bbox 197 3460 226 3512; x_wconf 83' lang='lat' dir='ltr'><strong>et</strong></span> <span class='ocrx_word' id='word_1_283' title='bbox 244 3462 301 3517; x_wconf 76' lang='lat' dir='ltr'><strong>auf.</strong></span> <span class='ocrx_word' id='word_1_284' title='bbox 320 3463 380 3517; x_wconf 82' lang='lat' dir='ltr'><strong>AB</strong></span> <span class='ocrx_word' id='word_1_285' title='bbox 392 3463 424 3528; x_wconf 84' lang='lat' dir='ltr'><strong>V,</strong></span> <span class='ocrx_word' id='word_1_286' title='bbox 443 3461 554 3525; x_wconf 67' lang='lat' dir='ltr'><strong>Baebr„</strong></span> <span class='ocrx_word' id='word_1_287' title='bbox 573 3477 624 3515; x_wconf 81' lang='lat' dir='ltr'><strong>om.</strong></span> <span class='ocrx_word' id='word_1_288' title='bbox 645 3461 669 3516; x_wconf 80' lang='grc'><em>0</em></span> <span class='ocrx_word' id='word_1_289' title='bbox 676 3461 720 3526; x_wconf 86' lang='lat' dir='ltr'><strong>W,</strong></span> <span class='ocrx_word' id='word_1_290' title='bbox 740 3461 779 3514; x_wconf 85' lang='lat' dir='ltr'><strong>K.</strong></span> <span class='ocrx_word' id='word_1_291' title='bbox 864 3465 883 3510; x_wconf 70' lang='lat' dir='ltr'><strong>‘t</strong></span> <span class='ocrx_word' id='word_1_292' title='bbox 910 3459 1013 3510; x_wconf 62' lang='lat' dir='ltr'><strong>uxama</strong></span> <span class='ocrx_word' id='word_1_293' title='bbox 1028 3460 1139 3517; x_wconf 44' lang='lat' dir='ltr'><strong>wehm-</strong></span> 
     </span>
     <span class='ocr_line' id='line_1_37' title="bbox 106 3516 1179 3621; baseline -0.017 -36"><span class='ocrx_word' id='word_1_294' title='bbox 106 3530 238 3597; x_wconf 68' lang='lat' dir='ltr'><strong>Sabaeum,</strong></span> <span class='ocrx_word' id='word_1_295' title='bbox 258 3533 360 3589; x_wconf 77' lang='lat' dir='ltr'><strong>Baetr.</strong></span> <span class='ocrx_word' id='word_1_296' title='bbox 418 3537 451 3587; x_wconf 78' lang='lat'><strong>29</strong></span> <span class='ocrx_word' id='word_1_297' title='bbox 473 3548 571 3595; x_wconf 82' lang='lat' dir='ltr'><strong>omnes</strong></span> <span class='ocrx_word' id='word_1_298' title='bbox 590 3551 626 3589; x_wconf 82' lang='lat' dir='ltr'><strong>coc</strong></span> <span class='ocrx_word' id='word_1_299' title='bbox 639 3533 701 3591; x_wconf 79' lang='lat' dir='ltr'><strong>suis</strong></span> <span class='ocrx_word' id='word_1_300' title='bbox 718 3533 767 3588; x_wconf 81' lang='lat' dir='ltr'><strong>Ad</strong></span> <span class='ocrx_word' id='word_1_301' title='bbox 780 3533 824 3587; x_wconf 84' lang='lat' dir='ltr'><strong>K.</strong></span> <span class='ocrx_word' id='word_1_302' title='bbox 877 3533 920 3578; x_wconf 59' lang='lat' dir='ltr'><strong>‘aa</strong></span> <span class='ocrx_word' id='word_1_303' title='bbox 928 3527 996 3576; x_wconf 64' lang='lat' dir='ltr'><strong>nes</strong></span> <span class='ocrx_word' id='word_1_304' title='bbox 1006 3516 1179 3621; x_wconf 34' lang='lat' dir='ltr'><strong>enatat&amp;</strong></span> 
     </span>
     <span class='ocr_line' id='line_1_38' title="bbox 99 3581 1192 3678; baseline -0.02 -22"><span class='ocrx_word' id='word_1_305' title='bbox 99 3601 168 3652; x_wconf 71' lang='lat' dir='ltr'><strong>KZ</strong></span> <span class='ocrx_word' id='word_1_306' title='bbox 224 3604 310 3658; x_wconf 83' lang='grc'><strong>33111</strong></span> <span class='ocrx_word' id='word_1_307' title='bbox 325 3606 353 3660; x_wconf 87' lang='lat' dir='ltr'><strong>te</strong></span> <span class='ocrx_word' id='word_1_308' title='bbox 369 3621 405 3662; x_wconf 79' lang='lat' dir='ltr'><strong>ca</strong></span> <span class='ocrx_word' id='word_1_309' title='bbox 420 3608 461 3663; x_wconf 89' lang='grc' dir='ltr'><strong>Κ.</strong></span> <span class='ocrx_word' id='word_1_310' title='bbox 470 3609 514 3677; x_wconf 84' lang='lat'><strong>11,</strong></span> <span class='ocrx_word' id='word_1_311' title='bbox 531 3608 652 3678; x_wconf 75' lang='lat' dir='ltr'><strong>Buebr,</strong></span> <span class='ocrx_word' id='word_1_312' title='bbox 668 3605 792 3661; x_wconf 79' lang='lat' dir='ltr'><strong>interea</strong></span> <span class='ocrx_word' id='word_1_313' title='bbox 803 3597 886 3657; x_wconf 53' lang='lat' dir='ltr'><strong>usin</strong></span> <span class='ocrx_word' id='word_1_314' title='bbox 899 3597 990 3644; x_wconf 66' lang='lat' dir='ltr'><strong>aena</strong></span> <span class='ocrx_word' id='word_1_315' title='bbox 1002 3581 1103 3634; x_wconf 55' lang='lat' dir='ltr'><strong>ccco-2</strong></span> <span class='ocrx_word' id='word_1_316' title='bbox 1152 3604 1159 3613; x_wconf 79' lang='grc'><em>·</em></span> <span class='ocrx_word' id='word_1_317' title='bbox 1186 3601 1192 3609; x_wconf 91' lang='grc'><em>·</em></span> 
     </span>
    </p>
   </div>
   <div class='ocr_carea' id='block_1_4' title="bbox 0 0 1269 3862">
    <p class='ocr_par' dir='ltr' id='par_1_4' title="bbox 0 0 1269 3862">
     <span class='ocr_line' id='line_1_39' title="bbox 0 0 1269 3862; baseline 0 0"><span class='ocrx_word' id='word_1_318' title='bbox 0 0 1269 3862; x_wconf 95' lang='lat' dir='ltr'><strong> </strong></span> 
     </span>
    </p>
   </div>
  </div>
 </body>
</html>
