2506 3862
146 190 190 254 40
582 188 609 243 o,
628 188 727 242 emm

93 369 127 418 10
147 356 187 437 et,
216 353 243 416 si
272 352 352 416 dilui
378 374 444 416 non
471 351 643 437 potuisset,
670 353 705 416 in
727 356 865 436 utroque
887 352 1003 435 puniri.
1049 351 1162 429 Dilata

146 463 196 506 res
220 442 325 506 estin
352 442 536 525 proximum
565 445 724 525 senatum3
753 441 843 504 cuius
871 442 940 525 ipse
969 445 1161 525 conspectus

147 531 393 616 augustissimus
425 531 495 594 fuit.
541 529 693 614 Princeps
726 530 941 614 praesidebat3
973 534 1041 594 erat
1073 532 1161 595 enim

148 620 273 705 consu13
297 621 334 684 ad
353 620 417 684 hoc
435 617 602 683 lanuarias
620 619 740 684 mensis
760 639 832 683 cum
852 624 956 683 cetera
978 624 1047 683 tum
1071 642 1162 703 prae·

148 709 241 793 cipue
278 712 461 774 senatorum
498 709 679 792 frequentia
719 708 958 793 celeberrimus;
998 713 1164 791 praeterea
1191 737 1204 778 1

148 818 261 863 causae
281 797 459 882 amplitudo
480 801 635 881 auctaque
654 796 808 861 dilatione
826 799 1005 881 expectatio
1025 799 1164 863 etfama

148 888 344 970 insitumque
367 885 557 950 mortalibus
581 887 723 951 studium
742 891 909 972 magnast
930 887 1086 951 inusitata
1106 908 1163 951 no·

94 993 126 1041 11
149 976 257 1040 scendi
280 997 390 1040 omnes
414 975 555 1059 undique
579 977 745 1040 exciverat.
782 973 971 1060 imaginare,
995 998 1076 1059 quae
1101 977 1163 1041 sol-

147 1065 281 1130 licitudo
310 1065 417 1148 nobis,
446 1065 502 1147 qui
529 1068 647 1148 metus,
678 1065 795 1147 quibus
823 1086 919 1148 super
948 1068 1037 1129 tanta
1064 1087 1099 1130 re
1128 1065 1164 1130 in

148 1153 205 1217 illo
230 1157 323 1218 coetu
347 1157 513 1236 praesente
536 1152 669 1219 Caesare
693 1154 862 1219 dicendum
886 1157 961 1218 erat.
1000 1153 1162 1237 Equidem
1179 1184 1205 1223 10

148 1244 182 1306 in
206 1246 318 1307 senatu
341 1264 407 1306 non
431 1244 530 1306 semel
553 1244 617 1328 egi,
646 1244 724 1326 quin
751 1243 851 1306 immo
874 1264 1034 1325 nusquam
1057 1242 1163 1307 audiri

147 1332 319 1417 benignius
343 1332 445 1415 soleo,
468 1335 545 1396 tunc
569 1354 619 1396 me
642 1335 752 1395 tamen
778 1335 815 1396 ut
837 1353 922 1395 nova
945 1333 1053 1395 omnia
1075 1354 1161 1396 novo

94 1438 128 1485 12
147 1423 236 1483 metu
268 1419 505 1502 permovebant.
552 1418 789 1484 Obversabatur
820 1423 946 1504 praeter
977 1422 1045 1503 illa,
1079 1443 1162 1504 quae

148 1509 342 1593 supradixi,
366 1529 478 1574 causae
502 1509 688 1593 difficultas3
717 1509 823 1573 stabat
850 1509 946 1573 modo
976 1511 1161 1595 consularis,

94 1615 128 1663 13
147 1599 243 1662 modo
268 1599 441 1681 septemvir
463 1597 646 1684 epulonum,
670 1599 734 1661 iam
757 1602 916 1662 neutrum.
958 1598 1038 1663 Erat
1061 1600 1162 1685 igitur
1177 1627 1204 1668 15

148 1709 303 1771 perquam
327 1709 496 1752 onerosum
521 1709 668 1753 accusare
692 1687 886 1769 damnatum,
913 1709 1007 1771 quem
1032 1693 1068 1752 ut
1090 1711 1160 1772 pre-

147 1777 256 1841 mebat
275 1778 425 1841 atrocitas
445 1776 596 1858 oriminis,
610 1777 657 1841 ita
675 1778 767 1860 quasi
785 1780 932 1860 peractae
947 1777 1161 1842 damnationis

95 1882 129 1930 14
147 1866 310 1930 miseratio
334 1866 491 1930 tuebatur.
536 1865 720 1949 Utcumque
743 1870 851 1930 tamen
874 1866 1016 1930 animum
1041 1868 1160 1952 cogita-

147 1954 332 2036 tionemque
350 1955 476 2039 collegi,
495 1956 587 2038 coepi
610 1955 713 2020 dicere
731 1977 798 2019 non
815 1956 939 2018 minore
962 1956 1160 2020 audientium

80 2047 85 2051 ’
148 2043 283 2106 adsensu
302 2064 398 2125 quam
417 2042 632 2108 sollicitudine
649 2044 734 2129 mea,
756 2045 822 2108 dixi
839 2045 928 2107 horis
948 2066 1049 2127 paene
1068 2046 1159 2128 quin·
1176 2072 1203 2111 ao

148 2152 218 2213 que.
263 2128 349 2193 Nam
377 2131 544 2195 duodecim
577 2133 766 2216 clepsydris,
800 2155 878 2217 quas
911 2135 1160 2217 spatiosissimas

148 2239 340 2303 acceperam,
360 2223 435 2284 sunt
453 2219 580 2284 additae
599 2225 759 2304 quattuor.
796 2220 886 2285 Adeo
906 2223 962 2285 illa
980 2222 1059 2307 ipsa,
1079 2245 1160 2306 quae

149 2308 228 2372 dura
260 2312 292 2373 et
324 2309 455 2373 adversa
487 2309 611 2374 dicturo
644 2310 843 2392 videbantur,
877 2313 1014 2376 secunda
1041 2312 1160 2376 dicenti

95 2415 128 2463 15
147 2398 285 2462 fuerunt.
320 2396 435 2463 Caesar
458 2399 586 2481 quidem
609 2402 735 2463 tantum
759 2399 839 2462 mihi
862 2400 1013 2483 studium,
1036 2405 1158 2465 tantam

36 2525 39 2530 .
148 2489 244 2551 otiam
273 2508 382 2551 curam
411 2485 561 2574 (nimium
584 2491 633 2552 est
658 2489 743 2552 enim
768 2489 872 2553 dicere
896 2488 1160 2577 sollicitudinem)
1176 2517 1203 2558 aa

146 2577 308 2659 praestitit
335 2580 372 2640 ut
394 2577 546 2642 libertum
569 2600 676 2641 meum
701 2582 775 2660 post
797 2600 849 2642 me
873 2582 1010 2642 stantem
1035 2580 1160 2662 saepius

148 2664 346 2748 admoneret,
374 2666 446 2729 voci
468 2666 625 2749 laterique
649 2667 861 2750 consulerem,
890 2687 962 2730 oum
990 2689 1042 2731 me
1068 2667 1161 2732 vehe-

148 2754 287 2817 mentius
311 2757 438 2838 putaret
461 2754 598 2837 intendi,
622 2777 718 2838 quam
747 2755 909 2841 gracilitas
938 2777 1008 2819 mea
1036 2758 1162 2840 perpeti

148 2845 265 2924 posset.
311 2841 491 2925 Respondit
518 2842 598 2907 mihi
626 2865 684 2927 pro
713 2843 876 2909 Marciano
901 2842 1052 2909 Claudius
1077 2843 1161 2908 Mar-

95 2946 129 2994 16
149 2930 292 2994 cellinus.
324 2929 442 2996 Missus
466 2932 578 2996 deinde
602 2937 730 2997 senatus
755 2937 786 2997 et
808 2937 976 2998 revocatus
999 2934 1033 2997 in
1056 2937 1161 3017 poste·
1176 2960 1203 3000 eo

147 3041 234 3102 rum3
257 3041 361 3102 neque
388 3021 474 3084 enim
502 3022 565 3085 iam
594 3022 738 3085 inchoari
765 3026 891 3106 poterat
918 3024 1016 3105 actio,
1038 3023 1102 3086 nisi
1125 3027 1162 3086 ut

96 3124 130 3171 17
148 3109 253 3171 noctis
286 3109 467 3173 interventu
500 3109 704 3175 scinderetur.
758 3110 891 3175 Postero
916 3111 966 3175 die
994 3112 1075 3175 dixit
1101 3133 1160 3195 pro

148 3195 252 3260 Mario
281 3195 407 3263 Salvius
430 3198 596 3284 Liberalis,
619 3201 668 3264 vir
695 3200 836 3283 subtilis,
865 3201 1052 3284 dispositus,
1081 3221 1161 3279 acer,

150 3285 301 3370 disertum
323 3287 358 3351 in
380 3288 436 3352 illa
458 3311 533 3353 vero
560 3310 655 3354 causa
679 3310 789 3352 omnes
813 3293 896 3354 artes
920 3311 992 3354 suas
1016 3290 1160 3373 protulit.

124 3419 127 3425 ,
149 3373 329 3458 Respondit
357 3374 523 3442 Cornelius
551 3377 681 3442 Tacitus
714 3378 973 3461 eloquentissime
1002 3383 1047 3464 ot,
1075 3379 1162 3462 quod
1176 3403 1203 3444 es

71 3584 109 3632 ι
222 3573 254 3621 15
273 3568 361 3637 igitur
379 3570 467 3639 Fpa,
489 3569 625 3636 0110197,
644 3585 710 3640 ergo
731 3572 769 3625 Μ
777 3572 888 3636 VDre,
907 3571 946 3625 K.
