2506 3862
122 217 186 281 378
557 216 584 271 0.
604 215 702 269 PLINI

122 380 284 462 audemus,
309 381 384 464 quia
411 400 470 445 nec
492 380 541 444 fas
569 384 618 444 est
645 379 851 443 affirmationi
879 382 953 443 tuae
981 377 1140 464 derogare

123 473 155 533 et
179 490 348 534 onerosum
373 469 519 534 confiteri
542 491 616 533 vera
644 489 720 552 6666,
749 490 830 551 quae
858 467 897 532 de
919 466 1023 550 nobis,
1046 489 1140 551 prae

88 559 233 625 16611111
263 563 330 623 tam
360 558 539 644 magnifica,
569 557 687 622 dixisti.
731 556 780 620 Tu
809 561 918 621 tamen
945 557 1064 642 dignus
1094 577 1138 639 66,

123 648 179 731 qui
199 668 252 712 eos
272 648 418 712 66161166
436 647 545 730 facias,
559 647 598 710 de
613 646 729 730 quibus
743 647 807 710 1616
823 646 928 730 possis
942 645 1138 729 praedicare.

123 735 258 801 Tribuas
281 737 417 820 reniam,
441 735 527 819 quod
545 736 630 799 inter
647 735 726 799 haec
744 734 898 799 beneficia
916 739 972 798 tua
990 735 1139 819 gratissi·
1165 759 1176 799 1

122 849 212 889 mum
235 830 283 890 661
305 826 409 906 nobis,
432 824 519 908 qnod
539 845 599 889 nos
616 846 726 888 rursus
748 825 887 909 collegas
907 844 975 888 esse
993 824 1138 888 voluisti.

89 912 174 981 ulta
197 916 311 979 caritas
338 918 460 996 mutua,
486 914 533 977 ita
560 934 738 998 congruens
766 917 859 978 tenor
880 913 975 996 ritae,
1002 912 1050 976 ita
1073 935 1140 976 una

123 1003 296 1087 eademque
323 1004 405 1066 ratio
433 1003 590 1086 propositi
617 1001 811 1086 postulabat,
834 1002 925 1066 cuius
952 1002 1073 1084 63116,
1101 1006 1140 1066 ut

123 1113 250 1157 morum
274 1092 450 1156 similitudo
475 1091 662 1156 concordiae
685 1095 814 1156 nostrae
842 1091 977 1177 gloriam
1001 1091 1139 1174 minuat,

123 1204 161 1246 ac
183 1180 314 1265 perinde
342 1181 393 1245 sit·
411 1181 538 1263 mirum,
566 1181 593 1244 61
620 1182 701 1244 alter
728 1184 874 1244 nostrum
901 1203 921 1244 a
947 1181 1075 1264 collega
1100 1201 1176 1245 6616

89 1289 105 1337 7
124 1270 152 1334 61
175 1293 194 1333 3
217 1292 250 1334 66
273 1271 341 1353 ipse
365 1268 540 1334 dissentiat.
576 1268 653 1335 Non
676 1290 752 1354 ergo
776 1269 1006 1352 temporarium
1030 1272 1138 1333 6161-

123 1359 229 1423 bitum
252 1363 310 1442 est,
334 1359 420 1442 quod
442 1362 576 1442 uterque
604 1359 745 1443 collegae
773 1359 942 1422 consulatu
969 1361 1138 1441 tamquam

123 1449 240 1512 iterum
260 1470 317 1512 suo
338 1448 464 1534 gaudet,
482 1448 545 1511 nisi
559 1447 653 1530 quod'
663 1452 781 1531 tamen,
795 1448 851 1530 qui
864 1468 974 1511 rursus
989 1448 1138 1512 consules

123 1537 216 1621 fiunt,
238 1537 289 1601 bis
312 1536 452 1621 quidem,
482 1536 537 1600 sed
560 1536 760 1621 temporibus
784 1536 917 1600 (11161616
942 1535 1139 1622 obligantur,

122 1648 183 1691 nos
207 1626 286 1691 duos
310 1627 495 1691 consulatus
518 1627 698 1709 accepimus
727 1626 832 1708 simul,
861 1625 957 1689 simul
986 1625 1138 1710 gerimus,
1152 1648 1175 1690 11

123 1716 268 1799 alterque
290 1716 325 1778 in
347 1716 448 1779 altero
472 1715 618 1779 consules
638 1718 670 1778 et
692 1715 861 1797 116111161
878 1714 998 1797 pariter
1016 1735 1138 1779 sumus.

72 1804 117 1870 92
190 1803 275 1868 Illud
298 1826 373 1868 vero
398 1826 494 1888 quam
517 1804 652 1888 insigne,
672 1803 759 1886 quod
780 1803 875 1867 nobis
893 1802 1065 1886 praefectis
1088 1825 1140 1867 ae·

123 1893 208 1957 13116
224 1894 426 1958 consulatum
441 1896 515 1956 ante
530 1914 626 1976 quam
645 1913 860 1957 successorem
879 1891 1008 1956 dedisti!
1030 1889 1140 1956 Aucta

124 1985 173 2046 est
196 1983 336 2068 dignitas
360 1983 525 2067 dignitate,
547 2003 607 2046 nec
630 1982 834 2047 continuatus
853 1984 989 2063 tantum,
1008 1980 1066 2044 sed
1084 2002 1139 2066 ge·

123 2071 264 2136 minatus
280 2075 328 2136 est
341 2071 453 2154 honor,
462 2071 624 2154 finemque
637 2071 806 2155 potestatis
821 2071 961 2153 alterius,
970 2074 1139 2153 tamquam
1153 2095 1178 2134 11

89 2179 105 2226 a
124 2182 237 2244 parum
258 2164 340 2224 esset
359 2161 513 2243 excipere,
531 2161 696 2243 praevenit
714 2159 821 2224 altera.
856 2158 958 2222 Tanta
977 2158 1038 2223 tibi
1058 2160 1139 2224 inte

124 2250 251 2334 gritatis
275 2252 403 2313 nostrae
426 2248 542 2313 fiducia
564 2249 636 2332 fuit,
659 2252 785 2312 utnon
808 2248 969 2312 dubitares
993 2251 1026 2311 te
1050 2249 1140 2312 63116

126 2338 311 2424 diligentiae
329 2341 403 2402 tuae
422 2338 546 2402 ratione
564 2338 733 2421 facturum,
748 2338 775 2402 61
793 2358 852 2401 166
871 2340 946 2421 post
960 2337 1140 2402 maximum

126 2427 269 2491 officinm
287 2427 431 2511 privatos
450 2448 519 2491 esse
537 2448 604 2490 non
622 2427 749 2491 sineres
782 2425 874 2509 Quid,
896 2427 983 2509 quod
1001 2427 1141 2490 eundem

125 2517 160 2580 in
178 2539 297 2579 annum
312 2517 513 2580 consulatum
528 2522 615 2581 tuam
628 2522 657 2580 61
673 2520 819 2580 nostrum
839 2516 1025 2579 contulisti?
1048 2514 1140 2601 Ergo
1154 2538 1178 2580 a

125 2626 192 2669 non
219 2604 282 2668 alia
308 2625 369 2670 nos
395 2605 514 2690 pagina
544 2627 639 2688 quam
670 2608 702 2668 te
733 2605 896 2669 consulem
927 2604 1076 2688 accipiet,
1108 2609 1142 2669 et

125 2698 236 2758 nostra
269 2716 397 2777 qnoque
428 2694 560 2757 nomina
592 2693 750 2758 addentur
780 2694 885 2775 fastis,
918 2694 1035 2777 quibus
1070 2694 1141 2776 ipse

91 2800 107 2847 3
126 2783 360 2866 praescribens.
396 2781 446 2846 Tu
469 2783 608 2847 comitiis
631 2784 751 2847 nostris
773 2782 961 2866 praesidere,
984 2786 1021 2845 11
1043 2783 1140 2846 nobis

127 2872 363 2936 sanctissimum
394 2872 475 2936 illud
506 2894 634 2936 carmen
664 2872 787 2956 praeire
820 2872 969 2956 dignatus
1001 2892 1048 2954 66,
1081 2874 1140 2935 116

126 2961 244 3024 iudicio
273 2962 420 3026 consules
448 2961 534 3043 facti,
563 2965 619 3025 tua
646 2982 724 3025 1666
751 2961 926 3025 1611111311
954 2981 1075 3043 sumus,
1102 2964 1180 3027 1116

199 3178 212 3224 1
234 3171 367 3224 audemus
383 3173 419 3238 A,
433 3172 585 3224 audeamus
600 3173 671 3242 vulp.
686 3203 721 3211 —
739 3187 774 3224 ne
788 3171 832 3224 fas
845 3173 880 3225 Α.
936 3176 969 3224 15
986 3168 1141 3239 accipimus

126 3250 186 3298 cett.
206 3244 275 3309 edd,
294 3244 362 3297 K.I.
436 3249 469 3297 16
489 3243 616 3296 consules
635 3246 664 3296 et
678 3241 779 3297 Boebr.
791 3260 820 3311 p.
832 3243 931 3307 XXV,
949 3258 1022 3295 cons.
1038 3241 1088 3295 sed
1103 3246 1141 3309 A,

127 3314 224 3369 consul
244 3314 293 3367 sed
314 3315 337 3368 O
344 3315 386 3381 W,
406 3315 452 3382 K,
480 3313 606 3368 consules
621 3314 690 3380 BV,
709 3315 821 3381 Bactr,
844 3313 972 3367 consules
990 3313 1041 3366 sed
1059 3313 1139 3382 Inps.

128 3392 160 3439 21
186 3385 275 3438 altera
298 3391 362 3439 (1616
381 3401 472 3453 praev.
492 3387 557 3440 odd.
577 3386 680 3451 Liuia,
700 3386 811 3452 Baebr,
830 3392 894 3454 post
916 3383 1032 3438 alterius
1053 3385 1090 3437 K.
1097 3386 1139 3439 II.

128 3462 161 3509 25
185 3459 265 3510 tuum
288 3459 317 3509 et
340 3456 404 3511 add.
424 3456 534 3525 Sauppe
552 3457 626 3510 Phil.
641 3458 734 3510 ΧΧΧ
744 3461 806 3521 136,
828 3456 939 3522 Baehr,
959 3456 1057 3510 Madv.
1077 3457 1140 3511 uda.

127 3529 253 3594 111222,
276 3527 306 3579 in
325 3543 408 3595 quem
430 3530 511 3580 11111
534 3527 649 3594 consul,
672 3530 799 3580 nostrum
822 3527 992 3582 8616611630
1013 3528 1140 3595 61614.

120 3603 159 3651 26
181 3615 267 3666 quam
288 3614 362 3668 quae
380 3616 414 3654 ex
432 3598 564 3654 666661.
583 3599 675 3652 Paris.
695 3599 949 3664 86111616116611.
