2506 3862
140 222 206 288 368
575 219 603 275 0.
623 217 720 274 Pano

141 385 227 449 bono
254 385 399 470 principe
426 385 571 449 insedere
598 385 766 449 videretur.
803 380 869 447 Iter
895 382 945 447 illi
965 382 1099 466 saepius
1122 383 1159 447 ιιι

90 474 257 557 iliorum,
279 475 464 559 frequenter
485 479 593 538 tamen
614 477 648 537 et
670 472 704 537 in
723 493 880 555 eampum.
916 470 1001 536 Nam
1021 470 1159 536 comitia

141 563 309 628 consulum
333 564 445 628 obibat
467 563 549 648 ipse3
572 566 698 627 tautum
722 583 761 626 ex
781 561 1019 625 renuntiatione
1040 580 1158 624 eorum

142 652 316 736 voluptatis
354 656 510 737 quantam
546 653 635 735 prius
672 672 711 715 ex
748 650 960 714 destinatione
996 649 1157 733 sapiebat

56 793 57 797 ,
106 759 122 806 a
142 739 279 806 Stabant
298 741 461 806 candidati
484 745 558 804 ante
580 742 723 804 curulem
746 740 913 823 principis,
928 744 966 803 ut
985 740 1055 821 ipse
1077 743 1157 803 ante
1186 765 1199 805 s

141 832 284 896 consulis
316 834 460 912 steterat,
492 829 765 916 adigebanturque
797 830 830 892 in
862 829 973 912 verba,
1003 828 1038 891 in
1071 849 1157 910 quae

143 921 239 1021 paulo
263 924 337 984 ante
360 921 429 1002 ipse
451 919 611 983 iuraverat
638 919 795 1001 princepe,
822 918 879 1001 qui
906 921 1032 981 tantum
1059 921 1158 1000 putat

142 1029 211 1073 esse
225 1009 342 1072 iniure
355 1008 498 1089 iurando,
512 1013 549 1072 ut
535 1007 644 1072 tillud
662 1012 694 1072 et
711 1006 752 1071 ab
771 1008 843 1071 aliis
862 1008 978 1092 exigat.
1014 1005 1158 1090 Reliqua

107 1114 217 1182 spara
245 1097 308 1161 diei
335 1096 490 1161 tribunali
517 1097 660 1161 debatur
703 1094 754 1159 lbi
782 1117 858 1161 vero
890 1099 1009 1187 quanta
1037 1094 1156 1181 religio

143 1187 323 1288 aequitatis,
347 1190 466 1268 quanta
483 1187 592 1272 legum
610 1190 756 1250 reuerent
742 1184 801 1249 tial
837 1184 958 1249 Adibat
944 1166 1100 1267 taliquis
1116 1188 1158 1248 ut
1171 1213 1200 1253 ro

142 1276 334 1359 prinoipem·
357 1274 571 1358 respondebat
594 1297 628 1339 se
651 1273 814 1339 consulem
841 1294 918 1338 oeee
953 1272 1086 1338 Nullius
1113 1273 1156 1337 ab

144 1385 182 1427 eo
211 1364 455 1448 magistratus
447 1385 506 1446 rus,
535 1365 656 1428 nullius
687 1364 863 1428 auotoritas
894 1364 1063 1426 imminuta
1097 1365 1157 1444 est,

144 1456 237 1516 aucta
253 1453 360 1536 etiam,
379 1453 536 1535 siquidem
554 1453 705 1536 pleraque
724 1453 764 1516 ed
782 1456 944 1536 praetores
961 1451 1156 1533 remittebat,

144 1546 239 1624 atque
262 1543 308 1606 ito
330 1545 367 1605 ut
389 1543 528 1626 collegas
555 1546 692 1624 voearet,
719 1564 785 1605 non
806 1542 884 1625 quia
905 1541 1060 1625 populare
1082 1562 1156 1626 gra·

108 1636 279 1714 stumque
305 1631 522 1714 audientibus,
551 1632 607 1694 sed
635 1631 711 1714 quia
736 1630 782 1694 ita
810 1631 975 1694 sentiebat.
1014 1629 1156 1693 Tantum
1171 1656 1197 1697 a

144 1721 339 1806 dignationis
367 1721 498 1804 inipso
526 1719 648 1784 honore
677 1720 825 1803 ponebat,
855 1723 893 1783 ut
919 1740 986 1782 non
1015 1719 1157 1802 amplius

143 1830 213 1874 esse
236 1813 387 1891 censeret,
411 1809 497 1893 quod
519 1809 635 1891 aliquis
657 1810 781 1894 collega
798 1809 1014 1892 appellaretur
1032 1830 1050 1870 a
1068 1810 1157 1891 prin·

144 1899 224 1982 eipe,
247 1920 343 1981 quam
368 1897 454 1980 quod
476 1901 605 1981 praetor
627 1901 718 1962 esset
754 1897 807 1962 Ad
828 1898 891 1961 hoo
917 1901 982 1961 tam
1007 1897 1157 1961 assidunt

110 2005 125 2050 6
145 1987 180 2050 in
202 1986 366 2069 tribunali,
384 1991 421 2050 ut
438 1986 549 2050 labore
565 1987 653 2050 refici
672 2007 709 2050 ae
726 1987 867 2070 reparari
885 1987 1052 2051 videretur.
1075 1984 1157 2061 Quis

144 2079 290 2139 nostrum
314 2075 398 2139 idem
422 2096 524 2160 curae,
546 2075 629 2139 idem
655 2075 780 2139 sudoris
802 2075 956 2139 insumit?
980 2075 1051 2158 quis
1073 2075 1156 2140 adeo
1171 2103 1199 2142 ιο

112 2181 126 2228 ι
146 2165 295 2247 expetitis
318 2164 495 2228 honoribus
517 2168 574 2228 aut
596 2165 733 2228 deservit
756 2168 812 2228 eut
839 2163 980 2229 suffieit?
1010 2163 1055 2227 at
1078 2184 1157 2228 sane

145 2275 282 2337 aequum
304 2258 354 2317 est
376 2257 502 2317 tantum
525 2254 638 2318 ueteris
657 2258 817 2337 praestare
836 2253 1020 2318 consulibus
1038 2253 1158 2336 ipsum,

146 2344 202 2425 qui
225 2343 371 2406 consules
393 2342 479 2408 feeit.
517 2341 642 2426 Quippe
665 2343 760 2407 etiam
788 2343 917 2406 fortuna
939 2342 1085 2406 videatur
1107 2343 1158 2406 in·

145 2432 289 2516 dignum,
311 2432 341 2495 si
363 2433 466 2514 possit
483 2431 621 2497 honores
640 2431 723 2515 dare,
746 2433 803 2514 qui
822 2453 935 2516 gerere
957 2453 1023 2495 non
1042 2432 1157 2515 possit

111 2520 302 2585 sFaeturus
330 2521 476 2584 consules
508 2521 620 2584 dooeat
653 2521 894 2605 accepturisque
922 2522 1157 2603 amplissimum
1173 2547 1200 2589 rs

147 2609 301 2673 honorem
325 2609 515 2691 persuadeat
534 2611 615 2674 seire
639 2631 681 2693 se,
698 2609 776 2693 quid
794 2610 845 2692 sit,
863 2609 950 2693 quod
968 2609 1065 2674 dabit.
1102 2607 1158 2674 Sic

145 2699 193 2780 fit,
214 2702 251 2761 ut
274 2699 323 2761 illi
346 2719 474 2781 quoque
497 2699 608 2781 seiont,
631 2698 709 2782 quid
732 2699 920 2782 acceperint.

94 2784 113 2850 7
119 2786 139 2851 8
213 2785 283 2861 Quo
307 2787 422 2850 iustius
446 2792 583 2869 senatus,
605 2791 642 2851 ut
667 2788 842 2872 susciperes
869 2792 1020 2871 quartum
1044 2807 1157 2852 oonsu-

146 2873 258 2957 latum,
281 2879 313 2938 et
335 2878 462 2960 rogarit
485 2881 517 2940 et
542 2877 643 2940 iussit
679 2874 809 2960 Imperii
836 2877 898 2941 hou
921 2876 1063 2960 verbum,
1089 2896 1158 2941 non

146 2962 338 3027 adulationis
363 2985 431 3028 esse
454 2965 608 3048 obsequio
631 2970 688 3029 tuo
712 2966 811 3050 erede,
837 2966 926 3049 quod
947 2987 1015 3029 non
1037 2966 1100 3030 alia
1122 2967 1158 3029 in
1172 2993 1201 3034 υ

112 3053 1157 3208 2{tlllletlffltdlutdlmtlffll'tlll

147 3231 276 3294 illorum
307 3192 417 3314 etiam,
446 3233 502 3313 qui
531 3232 564 3295 di
591 3233 654 3297 sibi
681 3233 841 3316 ridentur,
867 3167 986 3297 aeunni
1006 3167 1101 3297 ornile
1125 3193 1159 3296 et

218 3394 251 3441 23
274 3389 442 3442 rideatur-
409 3389 672 3458 -possit——possit
695 3391 791 3444 Modo.
813 3390 874 3444 ode.
887 3391 943 3444 ΠΙ
951 3394 1015 3456 221,
1042 3389 1159 3444 videba-

137 3460 534 3541 ιιι-ροιειι-ροιιθιιιιι
496 3462 585 3535 vulp,
605 3462 734 3532 possit—
738 3461 832 3530 possit
848 3463 955 3529 partin
975 3462 1066 3529 codd,
1091 3476 1159 3530 pos-

121 3529 314 3603 ert—posset
333 3537 497 3594 Baelrrenri
515 3537 590 3594 saell.
608 3551 712 3591 munos
778 3536 816 3585 ui
834 3534 873 3584 a
886 3539 1001 3596 saura
986 3532 1064 3582 isaia
1076 3532 1168 3593 ml,

107 3599 233 3675 Me
252 3610 395 3670 men.
473 3617 516 3669 as
535 3611 599 3669 aas
616 3609 664 3664 au
682 3609 719 3664 a
