2506 3862
143 215 186 280 28
578 214 606 270 Ο.
625 214 724 268 PLINI

145 378 257 463 quanti
280 400 417 462 aequum
443 382 499 462 est,
523 383 621 462 emat3
648 378 695 442 ita
721 379 806 442 enim
834 378 1006 443 delectabit
1032 378 1157 442 emisse.

143 466 229 532 Nam
248 468 333 532 mala
351 469 472 552 emptio
491 489 617 550 semper
635 467 761 552 ingrata
780 472 829 532 est
847 488 884 532 eo
903 467 1051 550 maxime,
1070 468 1158 550 quod

109 555 337 640 3exprobrare
363 557 533 622 stultitiam
557 556 688 621 domino
715 556 848 621 ridetur.
894 555 933 621 In
959 557 1021 620 hoc
1049 560 1158 621 autem

144 647 259 732 agello,
282 647 309 711 si
332 646 428 710 modo
452 645 599 710 adriserit
620 645 770 730 pretium,
797 644 980 728 Tranquilli
1007 645 1070 708 mei
1094 649 1158 710 sto-

144 735 295 799 machum
318 736 422 799 multa
441 734 624 819 sollicitant,
643 735 790 798 vicinitas
813 732 912 819 urbis,
931 734 1158 819 opportunitas
1186 759 1199 799 s

143 824 223 910 viae,
246 823 450 888 mediocritas
473 823 577 907 villae,
595 823 710 889 modus
732 823 825 907 ruris,
844 825 900 907 qui
923 827 1036 888 avocet
1054 823 1159 908 magis

107 932 242 998 squam
270 912 449 998 distringat.
496 910 703 978 Scholasticis
735 933 832 997 porro
860 913 1011 995 dominis,
1041 915 1078 974 ut
1104 912 1159 977 hic

145 1006 202 1085 est,
225 1001 346 1066 sufficit
368 1001 495 1066 abunde
517 1005 644 1067 tantum
667 1002 737 1087 soli,
759 1006 797 1066 ut
818 1002 958 1066 relevare
982 1005 1087 1085 caput,
1110 1023 1159 1065 re-

144 1091 239 1156 ficere
267 1090 392 1174 oculos,
418 1093 544 1174 reptare
572 1113 629 1173 per
655 1089 792 1157 limitem
807 1111 981 1174 ¹unamque
1010 1089 1159 1154 semitam

144 1183 246 1244 terere
275 1179 442 1262 omnisque
469 1179 617 1245 viticulas
646 1201 719 1244 suas
746 1201 840 1245 nosse
863 1184 896 1244 et
920 1200 1087 1244 numerare
1110 1201 1159 1242 ar-
1174 1204 1200 1243 ιο

144 1267 296 1335 busculas
319 1269 452 1353 possint.
489 1268 578 1333 Haec
596 1267 657 1333 tibi
675 1269 819 1353 exposui,
843 1289 906 1353 quo
925 1268 1028 1354 magis
1052 1267 1159 1352 scires,

43 1392 46 1397 v
146 1361 302 1441 quantum
330 1357 386 1422 ille
414 1362 498 1422 esset
524 1357 613 1440 mihi,
641 1378 701 1444 ego
729 1357 790 1422 tibi
818 1358 993 1440 debiturus,
1016 1358 1044 1421 si
1068 1379 1159 1441 prae

146 1446 268 1510 diolum
300 1446 400 1530 istud,
433 1446 519 1530 quod
551 1445 792 1523 commendatur
827 1447 879 1512 his
916 1446 1060 1530 dotibus,
1091 1450 1159 1510 tam

145 1534 317 1688 {ilibffier
339 1535 462 1618 emerit,
484 1539 520 1601 ut
542 1535 757 1620 paenitentiae
776 1535 883 1600 locum
904 1557 971 1601 non
988 1536 1157 1618 relinquat.

177 1647 234 1689 ae.
1175 1649 1201 1690 rs

544 1767 757 1778 uu———·--—-

329 1964 365 2045 Ο..
392 1963 526 2036 PLINI
554 1964 743 2038 ennom
771 1963 976 2039 SEOUNDI

292 2121 1011 2224 EPISTULARUM

455 2313 849 2383 imsasscouous.

643 2605 666 2664 I.

406 2707 433 2754 o.
457 2706 596 2754 enimus
620 2705 765 2754 consuo
790 2705 854 2754 suo
879 2704 905 2752 s.
1175 2716 1202 2756 2⁰

113 2815 127 2862 1
214 2795 293 2861 Post
311 2797 435 2881 aliquot
454 2818 555 2861 annos
574 2796 700 2881 insigne
721 2799 817 2879 atque
836 2795 933 2859 etiam
952 2794 1161 2861 memorabile

148 2883 262 2969 populi
285 2884 423 2950 Romani
447 2886 549 2950 oculis
573 2884 791 2968 spectaculum
819 2885 966 2950 exhibuit
992 2884 1160 2969 publicum

147 2974 245 3038 funus
267 2973 403 3060 Vergini
425 2974 509 3058 Rufi,
532 2974 665 3037 maximi
687 2978 719 3038 et
741 2973 910 3038 clarissimi
934 2974 1013 3040 civis
1036 2977 1069 3038 et
1091 2995 1161 3058 per-

148 3062 222 3128 inde
248 3063 360 3127 felicis.
414 3062 561 3149 Triginta
593 3063 684 3126 annis
717 3062 838 3147 gloriae
866 3085 942 3127 suae
970 3063 1161 3146 supervixit,

113 3151 229 3238 clegit
251 3152 371 3235 scripta
393 3152 432 3216 de
455 3174 488 3217 se
513 3153 666 3235 carmina,
693 3153 773 3238 legit
795 3150 946 3216 historias
972 3156 1005 3216 et
1027 3151 1161 3236 posteri·
1175 3177 1202 3218 aa

221 3315 234 3362 1
260 3324 379 3376 aequom
397 3325 431 3363 ecc
445 3311 483 3364 M
494 3310 568 3377 Κλ,
591 3310 655 3364 item
674 3310 781 3364 V10.3
799 3315 824 3362 et
842 3308 886 3362 VI
897 3312 949 3363 5.1
965 3311 1108 3377 (superam.
1121 3313 1161 3377 v),

148 3379 275 3448 iniquom
296 3381 384 3435 Ver
402 3387 427 3434 et
446 3381 489 3436 VI
500 3385 553 3435 5.1
573 3398 606 3435 ea
627 3381 717 3434 eodem
737 3383 880 3448 (superam.
894 3383 932 3448 v).
955 3379 1061 3432 Aecum
1075 3383 1162 3448 5.16;

147 3450 265 3505 relicum
283 3452 375 3506 1115.
390 3455 415 3506 9.
488 3458 503 3505 2
523 3453 566 3505 est
584 3453 692 3520 Fpra,
714 3450 775 3506 Otto
787 3455 851 3517 297,
869 3467 920 3504 om.
936 3452 974 3505 M
982 3451 1040 3517 Vs,
1059 3451 1097 3505 K.

149 3526 183 3576 10
202 3523 282 3577 viteo.
303 3525 341 3578 M
349 3525 379 3591 V,
399 3523 472 3577 1111.
556 3528 588 3576 12
608 3521 657 3577 illc
677 3521 1068 3592 cssetFpra‚Ston91662,
1088 3524 1163 3576 esset

148 3591 198 3648 ille
218 3594 295 3661 MV,
313 3594 351 3648 K.
425 3600 458 3648 23
477 3595 553 3650 olto.
573 3595 602 3647 et
619 3595 726 3662 Fpra,
748 3593 809 3649 Otto
821 3596 886 3660 292,
905 3608 955 3646 om.
974 3593 1031 3647 rell.
