2506 3862
399 214 657 269 EPISTULARUM
675 215 700 268 H
720 221 813 269 7-10.

582 383 633 442 IX.

325 484 353 531 C.
377 484 516 532 PLINIUS
539 484 754 532 APOLLINARI
777 483 842 532 SUO
868 485 893 532 S.

166 570 311 639 Anxium
331 596 383 638 me
406 577 439 638 et
457 575 637 658 inquietum
656 573 754 638 habet
772 575 886 658 petitio
907 572 997 639 Sexti
1016 574 1114 641 Eruci
1134 593 1148 640 1

98 664 171 727 mei.
217 661 362 727 Adficior
391 685 468 729 cura
498 665 538 747 et,
569 685 665 746 quam
696 686 755 748 pro
785 686 836 727 me
865 664 1115 729 sollicitudinem

71 773 166 818 anon
189 751 262 831 adii,
287 752 378 836 quasi
400 775 460 836 pro
483 775 535 816 me
559 751 661 817 altero
685 753 804 837 patior,
826 755 858 817 et
880 752 1003 836 alioqui
1025 775 1115 817 meus

101 841 216 925 pudor,
239 863 310 905 mea
333 841 538 925 existimatio,
562 864 633 906 mea
656 842 795 928 dignitas
818 842 853 905 in
871 842 1040 906 discrimen
1063 842 1115 905 ad-

102 930 239 996 ducitur.
283 929 356 1016 Ego
381 928 480 995 Sexto
503 932 606 994 latum
635 931 759 995 clavum
790 953 808 994 a
836 928 968 995 Caesare
995 935 1150 1014 nostran

102 1040 163 1104 ego
192 1023 397 1102 quaesturam
425 1020 598 1103 inpetrari,
625 1041 697 1083 meo
726 1019 880 1106 suffragio
908 1020 1116 1104 pervenitad

101 1109 152 1173 ius
181 1108 381 1173 tribunatum
409 1109 552 1192 petendi,
580 1129 675 1191 quem
702 1109 766 1172 nisi
790 1108 915 1173 obtinet
938 1108 971 1172 in
995 1114 1117 1192 senatu,

58 1218 227 1280 revereor,
253 1220 293 1261 ne
324 1197 485 1280 decepisse
509 1194 676 1261 Caesarem
704 1198 820 1262 videar.
865 1197 1004 1262 Proinde
1030 1199 1151 1262 adm-3

101 1285 235 1350 tendum
263 1289 311 1351 est
335 1284 429 1370 mihi,
452 1290 489 1349 ut
511 1287 609 1350 talem
632 1309 705 1350 eum
729 1286 871 1351 iudicent
894 1309 1018 1369 omnes,
1041 1308 1116 1370 qua-

100 1375 166 1440 lem
186 1396 255 1439 esse
272 1375 422 1459 princeps
441 1374 522 1438 mihi
541 1375 683 1440 credidit.
711 1374 799 1452 Quae
818 1397 913 1440 causa
929 1377 957 1440 si
975 1376 1117 1440 studium

103 1486 211 1530 meum
235 1486 302 1528 non
323 1465 480 1547 incitaret,
499 1465 643 1529 adiutum
665 1468 774 1529 tamen
797 1485 944 1549 cuperem
969 1466 1116 1529 iuvenem

103 1552 349 1637 probissimum,
372 1554 608 1638 gravissimum,
631 1554 896 1638 eruditissimum,
919 1556 1008 1618 omni
1031 1554 1116 1618 deni-

61 1668 88 1709 11
104 1663 166 1725 0110
196 1641 291 1706 laude
324 1643 548 1728 dignissimum
579 1646 611 1706 et
644 1642 772 1726 quidem
805 1665 878 1707 cum
910 1646 980 1706 tota
1012 1642 1116 1706 domo.

101 1730 188 1797 Nam
216 1735 307 1815 pater
337 1733 366 1795 ei
395 1730 534 1797 Erucius
566 1729 687 1815 Clarus,
716 1731 766 1794 vir
796 1734 933 1814 sanctus,
957 1731 1151 1813 0111100004

103 1820 242 1885 1110011110
257 1824 353 1904 atque
368 1821 402 1883 in
416 1821 548 1906 agendis
563 1819 666 1883 causis
681 1820 881 1903 exercitatus,
896 1841 975 1903 quas
992 1840 1117 1882 summa

103 1909 180 1993 fide,
208 1910 278 1993 pari
306 1910 487 1974 constantia
513 1930 572 1972 nec
600 1907 789 1973 verecundia
816 1908 939 1973 minore
967 1907 1116 1972 defendit.

104 1997 212 2062 Habet
236 1999 430 2063 avunculum
450 1996 484 2062 C.
504 1996 773 2081 Septiciumque
797 1998 880 2062 nihil
902 1998 1016 2079 verius,
1034 1999 1116 2062 nihil

60 2113 89 2154 so
103 2087 291 2170 simplicius,
313 2087 395 2151 nibil
420 2086 594 2169 candidius,
617 2085 700 2151 nihil
721 2087 847 2152 fidelius
870 2088 955 2152 novi.
998 2085 1116 2152 Omnes
1135 2104 1150 2152 5

102 2198 153 2240 me
178 2177 324 2241 certatim
343 2180 376 2240 et
397 2180 505 2241 tamen
529 2176 706 2260 aequaliter
726 2181 843 2260 amant,
863 2177 1011 2241 omnibus
1030 2197 1116 2240 nunc

101 2287 162 2351 ego
196 2265 231 2328 in
258 2287 323 2330 uno
355 2266 473 2330 referre
500 2266 637 2350 gratiam
668 2287 809 2349 possum.
854 2263 968 2348 Itaque
999 2286 1115 2349 prenso

102 2355 232 2437 amicos,
256 2354 412 2438 supplico,
435 2354 553 2436 ambio,
572 2353 683 2417 domos
707 2355 924 2437 stationesque
948 2355 1116 2436 circume0,

102 2447 324 2526 quantumque
342 2444 394 2507 vel
413 2443 603 2507 auctoritate
622 2443 673 2507 vel
695 2445 798 2528 gratia
816 2443 949 2527 valeam,
967 2441 1115 2525 precibus

60 2557 87 2598 as
103 2533 258 2614 experior.
303 2531 349 2596 Te
375 2554 502 2616 quoque
527 2531 668 2614 obsecro,
696 2535 732 2595 ut
760 2533 900 2615 aliquam
924 2531 1028 2594 oneris
1051 2531 1114 2593 mei
1135 2546 1150 2592 s

102 2624 228 2705 partem
256 2622 416 2704 suscipere
444 2621 527 2685 tanti
554 2624 656 2704 putes.
701 2619 844 2684 Reddam
872 2620 984 2702 vicem,
1013 2619 1040 2682 si
1068 2640 1115 2682 re-

102 2730 225 2793 posces,
247 2710 387 2793 reddam,
410 2713 442 2773 01
465 2711 493 2772 01
515 2731 582 2773 11011
604 2729 759 2792 reposces.
805 2708 966 2795 Diligeris,
993 2709 1116 2794 coleris,

101 2799 329 2883 frequentaris3
357 2799 489 2863 ostende
516 2799 611 2862 modo
636 2798 717 2863 velle
740 2803 782 2882 te,
804 2820 864 2863 nec
887 2798 1029 2879 deerunt,
1053 2798 1116 2881 qui,

103 2888 191 2970 quod
213 2892 249 2952 111
272 2886 361 2971 10110,
385 2887 523 2971 cupiant.
561 2886 650 2951 Vale.

60 3072 88 3112 ao
591 3052 625 3108 X.

356 3153 384 3200 C.
408 3151 547 3199 PLINIUS
572 3151 724 3200 OCTAVIO
750 3152 814 3201 SUO
840 3152 865 3200 S.

171 3240 345 3306 Hominem
368 3246 400 3307 te
423 3243 599 3325 patientem
618 3242 671 3306 vel
692 3243 799 3326 potius
824 3242 939 3306 durum
963 3261 999 3305 ac
1016 3261 1117 3324 paene
1137 3256 1151 3302 1

105 3331 280 3414 crudelem,
313 3333 369 3415 qui
400 3335 467 3396 tam
499 3330 641 3415 insignes
673 3331 773 3396 libros
805 3335 872 3395 tam
905 3332 958 3395 diu
995 3329 1117 3392 teneas!

103 3418 279 3504 Quousque
312 3423 344 3484 01
375 3420 437 3484 tibi
474 3424 506 3485 01
540 3420 635 3484 nobis
672 3419 849 3506 invidebis,
880 3419 949 3485 tibi
978 3418 1170 3481 maximas.

162 3597 199 3644 26
217 3609 330 3660 quoque
341 3613 368 3666 ,a
389 3599 502 3672 Cetae,
522 3601 566 3662 K.
576 3605 604 3675 1,
626 3623 685 3679 que
709 3605 749 3664 Κ.
761 3606 809 3663 11.
