2506 3862
429 220 686 276 EPISTULARUM
705 227 818 276 26-31.
1064 222 1129 288 263

116 389 213 450 erant.
251 384 335 462 Quid
355 406 430 471 ergo
451 384 583 449 debeam
602 386 702 468 sequi,
724 406 815 471 roge,
839 386 976 470 domine,
1000 387 1130 471 scribas,

115 475 304 559 praesertim
329 496 402 539 cum
425 473 584 558 pertineat
607 474 647 538 ad
670 476 862 557 exemplum.

485 639 575 697 xxx,
600 633 763 719 [xxxin]

461 740 634 790 TRAIANUS
659 739 787 788 PLINIO.

89 856 101 896 5
185 828 368 903 Secundum
391 830 542 894 mandata
559 852 631 895 mea
648 830 726 895 fecit
740 828 949 914 Sempronius
964 828 1133 895 Caelianus
1153 848 1167 896 1

117 919 275 985 mittendo
300 919 340 984 ad
363 923 396 984 te
419 941 486 1003 eos,
511 919 549 984 de
572 921 689 1004 quibus
714 919 865 1006 cognosci
889 920 1064 1004 oportebit,
1092 943 1134 984 an

118 1010 254 1092 capitale
278 1008 472 1092 supplicium
496 1009 650 1073 memisse
673 1009 849 1073 videantur.
886 1008 998 1073 Refert
1017 1013 1134 1093 autem,

117 1098 292 1162 voluntarii
316 1120 350 1163 so
373 1098 550 1162 obtulerint
573 1121 614 1162 an
636 1098 713 1163 lecti
739 1097 804 1162 sint
827 1098 879 1162 vel
902 1097 999 1163 etiam
1023 1099 1134 1163 vicarii

118 1188 192 1250 dati.
233 1185 324 1252 Lecti
346 1187 376 1251 si
399 1190 483 1270 sunt,
505 1187 672 1271 inquisitio
696 1186 852 1270 peccavit,
874 1187 902 1251 si
924 1187 1036 1252 vicarii
1058 1188 1134 1271 dati,
1153 1206 1169 1252 a

77 1300 103 1340 rc
117 1297 215 1360 penes
230 1298 284 1341 eos
300 1277 394 1359 culpa
409 1278 466 1359 est,
489 1276 545 1360 qui
565 1276 727 1360 dederunt,
751 1276 778 1340 si
796 1276 868 1359 ipsi,
888 1297 960 1340 cum
979 1276 1134 1342 haberent

119 1365 314 1431 condicionis
339 1387 414 1430 suae
434 1365 671 1449 conscientiam,
694 1369 859 1448 venerunt,
882 1365 1134 1431 animadverten-

118 1454 194 1519 dum
217 1455 253 1519 in
276 1455 350 1519 illos
374 1454 442 1518 erit.
474 1452 588 1538 Neque
612 1455 697 1519 enim
721 1455 860 1518 multum
883 1454 1025 1538 interest,
1049 1456 1135 1538 quod

116 1545 260 1608 nondum
283 1565 342 1627 per
363 1565 514 1608 numeros
543 1544 707 1608 distributi
736 1546 819 1608 sunt.
864 1541 925 1607 Ille
949 1544 1035 1608 enim
1058 1545 1134 1628 dies,

118 1632 206 1718 [pro]
223 1655 286 1717 quo
301 1633 442 1717 primum
456 1632 585 1715 probati
600 1635 684 1716 sunt,
698 1633 866 1697 veritatem
886 1632 926 1695 ab
945 1632 985 1696 iis
1000 1632 1133 1719 originis

76 1747 102 1786 15
118 1744 193 1787 suae
216 1722 331 1808 exegit.

516 1833 622 1892 XXXI.
646 1827 736 1913 [XL]

315 1934 343 1983 Ο.
367 1933 504 1982 PLINIUS
530 1933 682 1982 TRAIANO
706 1933 931 1982 IMPERATORI.

184 2023 281 2090 Salva
303 2024 525 2111 magnitudine
548 2027 618 2107 tna,
649 2024 785 2108 domine,
809 2023 982 2090 descendas
1007 2028 1168 2108 oportet1

119 2115 159 2178 ad
182 2136 269 2178 meas
294 2135 398 2198 curas,
428 2136 500 2180 cum
523 2113 573 2177 ius
596 2113 679 2177 mihi
703 2113 825 2179 dederis
849 2113 1007 2178 referendi
1030 2113 1071 2177 ad
1093 2117 1134 2198 te,

77 2229 103 2268 ac
118 2205 157 2267 de
190 2203 306 2286 quibus
339 2203 460 2267 dubito.
505 2200 544 2266 In
575 2203 737 2286 plerisque
768 2202 964 2287 civitatibus,
996 2204 1169 2267 maximat

117 2291 325 2357 Nicomediae
353 2296 384 2357 et
407 2290 559 2376 Nicaeae,
592 2292 722 2376 quidam
744 2293 796 2356 vel
823 2293 857 2355 in
887 2313 968 2374 opus
993 2292 1135 2356 damnati

117 2382 169 2445 vel
196 2383 230 2445 in
252 2382 365 2445 ludum
393 2383 572 2465 similiaque
599 2381 650 2445 his
679 2401 796 2466 genera
825 2402 1002 2464 poenarum
1030 2381 1135 2463 publi·

119 2491 229 2534 corum
254 2491 419 2534 servorum
443 2470 549 2534 officio
574 2471 815 2553 ministerioque
838 2469 1018 2555 funguntur
1038 2474 1134 2553 atque

119 2559 216 2622 etiam
238 2563 275 2623 ut
298 2559 421 2643 publici
439 2560 523 2623 servi
541 2581 647 2623 annua
666 2559 836 2641 accipiunt.
869 2557 962 2634 Quod
981 2579 1040 2643 ego
1061 2579 1134 2622 cum

77 2673 104 2713 55
120 2647 288 2731 audissem,
303 2648 357 2712 diu
371 2648 573 2731 multumque
586 2647 752 2730 haesitavi,
767 2648 845 2732 quid
856 2647 962 2712 facere
977 2647 1134 2712 deberem.

117 2735 203 2801 Nam
227 2739 259 2800 et
281 2737 411 2801 reddere
430 2757 552 2820 poenae
571 2741 646 2819 post
663 2737 798 2822 longum
816 2741 944 2819 tempus
963 2736 1134 2820 plerosque
1153 2753 1169 2800 3

118 2827 183 2889 iam
207 2847 298 2889 senes
322 2829 363 2909 et,
386 2829 543 2909 quantum
567 2825 762 2909 adfirmatur,
784 2822 953 2911 frugaliter
976 2826 1134 2890 modeste-

119 2937 180 2999 que
203 2915 347 2979 uiventes
370 2915 466 2979 nimis
491 2936 636 2978 severum
660 2914 854 2998 arbitrabar,
884 2918 916 2978 55
939 2915 974 2977 in
995 2914 1133 2997 publicis

119 3005 233 3069 officiis
253 3004 389 3068 retinere
409 3003 575 3067 damnatos
594 3025 660 3067 non
679 3003 755 3067 satis
774 3003 946 3068 honestum
965 3004 1134 3087 putabam3

76 3117 104 3157 ao
119 3094 247 3159 eosdem
270 3115 380 3157 rursus
403 3115 422 3156 a
444 3114 478 3156 re
501 3092 631 3176 publica
653 3093 743 3175 pasci
766 3093 887 3156 otiosos
914 3093 1041 3175 inutile,
1068 3113 1134 3156 non

118 3180 214 3266 pasci
230 3183 327 3247 etiam
350 3182 566 3265 periculosum
586 3181 816 3245 existimabam.
848 3179 1037 3246 Necessario
1057 3201 1133 3266 ergo
1152 3197 1170 3244 4

118 3293 187 3336 rem
208 3275 326 3355 totam,
358 3271 435 3335 dum
463 3274 495 3334 te
524 3271 736 3352 consulerem,
767 3271 802 3333 in
832 3291 986 3353 suspenso
1010 3269 1133 3352 reliqui.

120 3356 259 3434 Quaeres
273 3361 419 3441 fortasse,
434 3381 531 3444 quem
545 3358 585 3423 ad
599 3359 731 3423 modum
745 3360 895 3442 evenerit,
909 3363 946 3423 ut
964 3359 1087 3442 poenis,
1100 3359 1135 3421 in

120 3469 198 3531 quas
218 3448 360 3514 damnati
380 3452 478 3531 erant,
497 3450 753 3534 555551555555555·Ἰ
774 3452 807 3512 55
825 3469 887 3534 eqo
906 3447 1071 3529 quaesbx‘x,
1086 3447 1154 3503 aab.

183 3603 337 3660 98515555·
356 3608 425 3662 sunt
445 3609 484 3666 K.
491 3611 537 3670 II.
616 3617 656 3668 34
675 3607 797 3682 quaesit
815 3625 847 3674 a,
859 3603 940 3660 Ka.
