2506 3862
395 222 651 277 Panncrnlcus
671 229 832 278 aon-as.
844 240 864 277 1.
1061 223 1125 287 317

114 385 377 469 quid-vocarem,
399 387 462 450 nisi
487 386 573 469 quod
600 388 727 472 ingrata
754 387 816 451 sibi
839 386 1021 469 videbatur,
1044 388 1071 450 si
1094 391 1126 450 te

113 476 340 558 imperatorem
363 477 472 559 potius
495 480 624 540 vocaret
647 480 680 540 et
703 474 882 559 Caesarem,
906 497 979 539 cum
1001 479 1126 558 patrem

114 564 318 647 experiretur.
356 564 450 641 Quod
471 566 599 648 qui'dem
618 580 736 629 nomen
755 587 819 648 qua
836 564 1044 650 benignitate,
1064 587 1126 648 qua
1146 582 1162 628 4

114 653 314 739 indulgentia
346 655 485 719 exerces!
518 659 555 719 ut
587 676 660 719 cum
688 654 811 719 civibus
839 656 903 718 tuis
933 654 1026 737 quasi
1054 674 1127 717 cum

87 743 224 811 sliberis
244 765 359 826 parens
378 744 473 808 vivis!
492 748 529 808 ut
547 765 691 808 reversus
709 745 894 827 imperator,
909 744 965 826 qui
982 743 1127 827 privatus

115 832 247 914 exieras,
269 833 427 918 agnoscis,
450 834 644 918 agnosceris!
680 832 822 897 Eosdem
845 854 913 916 nos,
937 832 1072 896 eundem
1096 837 1127 895 te

114 925 218 1004 putas,
241 944 299 1004 par
322 922 471 986 omnibus
495 927 526 986 et
548 921 612 986 hoc
633 926 759 986 tantum
779 923 893 987 ceteris
911 923 1023 1005 maior,
1042 922 1129 1005 quod

115 1010 237 1073 melior.

182 1097 230 1162 Ac
253 1099 393 1182 primum
421 1100 549 1183 quidem
578 1100 634 1183 qui
663 1101 730 1164 dies
757 1101 821 1182 ille,
849 1121 913 1183 quo
942 1097 1180 1183 expectatus‘tt

76 1216 102 1254 ro
116 1186 376 1271 desideretusque
408 1190 520 1253 urbem
552 1193 642 1253 tuam
677 1191 839 1274 ingressus
872 1191 918 1252 es!
964 1187 1033 1253 Iam
1064 1187 1128 1253 hoo

116 1277 231 1359 ipsum,
264 1278 350 1360 quod
381 1278 544 1363 ingressus
577 1301 620 1360 es,
653 1300 749 1361 quam
781 1279 899 1342 mirum
931 1278 1127 1360 laetumque!

115 1363 200 1429 Nam
230 1368 353 1449 priores
377 1366 486 1431 invehi
516 1371 548 1431 et
576 1368 745 1451 importari
773 1367 932 1438 solebant,
960 1389 1026 1430 non
1057 1367 1128 1430 dico

116 1455 306 1540 quadriiugo
337 1476 432 1519 amru
455 1460 488 1520 et
514 1455 696 1520 albentibus
725 1457 825 1540 equis,
853 1456 908 1520 sed
930 1457 1049 1520 umeris
1072 1455 1130 1519 ho-

115 1545 249 1627 minum,
273 1545 360 1627 quod
383 1546 585 1630 arrogantius
609 1549 684 1609 erat.
721 1545 771 1608 Tu
794 1546 862 1609 sola
891 1545 1033 1627 eorporis
1056 1562 1164 1628 pro-a

76 1661 101 1700 ιι
117 1634 247 1696 caritate
267 1633 381 1697 elatior
399 1635 470 1698 aliis
490 1639 522 1698 et
540 1636 696 1699 excelsior
709 1656 776 1698 non
790 1635 828 1698 de
845 1634 1001 1717 patientia
1018 1636 1129 1697 nostra

116 1722 275 1804 quendam
297 1723 507 1806 triumphum,
526 1724 581 1786 sed
600 1724 639 1787 de
658 1723 807 1806 superbia
825 1724 1007 1806 principum
1026 1722 1129 1807 egisti.

115 1809 204 1894 Ergo
228 1833 293 1875 non
316 1815 403 1876 aetas
433 1834 635 1896 quemquam,
662 1835 728 1877 non
755 1813 915 1894 valetudo,
941 1833 1008 1875 non
1035 1833 1129 1875 sexus

117 1899 373 1983 retardantque
388 1901 494 1966 minus
505 1902 615 1966 oculos
629 1903 761 1966 insolito
777 1902 958 1985 spectaculo
973 1901 1129 1984 impleret.

117 1987 162 2051 Te
194 1991 321 2071 parvuli
352 2011 492 2073 noscere,
526 1994 685 2054 ostentare
717 1991 856 2073 iuvenes,
888 1991 998 2054 mirari
1030 2007 1164 2073 senes,3

77 2107 103 2146 eo
117 2078 205 2163 aegri
228 2100 357 2161 quoque
379 2081 526 2164 neglecto
554 2079 750 2143 medentium
777 2081 911 2164 imperio
936 2080 976 2142 ad
999 2101 1130 2163 conspe-

118 2170 205 2231 ctum
224 2168 273 2231 tui
288 2169 380 2251 quasi
393 2168 434 2231 ad
448 2169 585 2232 salutem
600 2170 833 2252 sanitatemque
850 2190 1028 2253 prorepere.
1052 2167 1130 2231 Inde

117 2257 173 2320 alii
197 2279 230 2320 se
253 2259 331 2322 satis
354 2259 472 2322 vixisse
495 2261 528 2321 te
546 2259 625 2341 viso,
642 2263 675 2323 te
693 2263 831 2341 recept0,
850 2258 905 2322 alii
923 2276 1009 2321 nunc
1027 2259 1130 2342 magis

118 2367 186 2410 esse
204 2346 375 2410 vivendum
390 2347 625 2430 praedicabant.
658 2346 806 2411 Feminae
821 2348 918 2410 etiam
932 2350 1010 2410 tunc
1023 2347 1130 2410 fecun-

118 2434 226 2498 ditatis
247 2457 322 2499 suac
340 2437 481 2499 maxima
498 2437 647 2520 voluptas
667 2437 776 2519 subiit,
795 2457 867 2499 cum
887 2440 1060 2525 comerent,
1079 2437 1132 2498 cui

79 2551 108 2590 aa.
118 2523 256 2607 principi
279 2527 373 2607 cives,
397 2527 449 2589 cui
471 2526 659 2608 imperatori
685 2526 804 2589 milites
832 2526 1038 2609 peperissent.
1075 2524 1130 2588 Vi·
1149 2542 1166 2587 4

119 2611 207 2675 deres
236 2615 352 2677 referta
379 2617 465 2678 tecta
492 2635 529 2678 ac
555 2615 735 2679 laborantia
763 2636 800 2678 ac
827 2637 868 2678 ne
895 2637 968 2678 eum
1002 2615 1130 2697 quidem

119 2705 284 2765 vacantem
308 2704 424 2788 locum,
448 2705 592 2787 quinon
615 2705 678 2768 nisi
703 2726 893 2786 suspensum
921 2707 954 2767 et
981 2704 1132 2767 instabile

119 2789 291 2874 uestigium
316 2795 450 2875 caperet,
475 2794 619 2876 oppletas
642 2793 784 2875 undique
803 2793 870 2857 vias
894 2796 1131 2878 angustumque

119 2879 281 2942 tramitem
304 2882 453 2945 relictum
476 2883 546 2964 tibi,
566 2883 702 2946 alacrem
725 2882 801 2946 hinc
819 2886 916 2965 atque
938 2881 1012 2945 inde
1030 2903 1131 2965 popu·

79 2968 196 3051 solum,
220 2969 341 3052 ubique
363 2992 422 3053 par
445 2971 598 3055 gaudium
627 2994 801 3056 paremque
825 2972 1006 3035 clamorem.
1051 2970 1130 3035 Tam
1151 2987 1166 3033 5

120 3058 262 3140 aequalis
285 3059 326 3122 ab
351 3059 501 3123 omnibus
525 3080 564 3124 ex
587 3060 726 3124 adventu
751 3067 808 3124 tuo
831 3062 954 3125 laetitia
981 3064 1132 3144 percepta

120 3151 177 3229 est,
201 3170 297 3231 quam
321 3148 471 3212 omnibus
494 3149 624 3233 venisti3
653 3172 734 3233 quae
756 3154 865 3214 tamen
891 3151 961 3233 ipsa
988 3171 1062 3213 cum
1085 3150 1132 3211 in-

121 3257 232 3320 gressu
255 3242 312 3302 tuo
336 3238 436 3302 crevit
459 3258 496 3301 ac
519 3259 619 3321 prope
643 3240 677 3302 in
696 3240 839 3322 singulos
858 3239 975 3325 gradus
998 3239 1131 3302 adaucta

121 3327 177 3387 est.
216 3325 349 3390 Gratum
374 3330 442 3391 erat
468 3327 601 3409 cunctis,
625 3327 711 3409 quod
738 3331 884 3391 senatum
913 3327 1022 3392 osculo
1050 3324 1183 3391 cxci-23

121 3460 333 3470 ———--———..

192 3542 208 3588 9
226 3537 340 3604 quidem
355 3539 404 3608 qui
419 3538 480 3596 dies
496 3513 637 3608 Schwora,
651 3539 769 3605 Baebi„
782 3536 906 3604 quibem
916 3551 946 3585 o.
958 3530 1037 3596 qum
1048 3526 1170 3587 tffik‘o

112 3623 133 3658 θ’
154 3607 205 3672 (ῘΠῘ
223 3607 285 3662 ἀίθθ
304 3612 371 3681 (K)
391 3614 473 3669 codd.
563 3621 598 3671 ri
628 3611 780 3686 quemobo
801 3606 932 3666 Bonos,
948 3584 1201 3650 qssqffxmxtb»
