2506 3862
108 216 149 280 76
542 213 570 268 Ο.
589 213 687 267 PLINI

106 381 211 464 plum;
233 399 328 463 rogas
352 379 447 461 enim,
465 381 502 441 ut
520 377 642 460 aliquid
661 377 813 441 subsicivi
831 376 985 459 temporis
1004 376 1121 441 studiis

107 468 187 532 mois
207 468 404 550 subtraham,
417 467 589 550 inpertiam
609 467 683 549 tuis,
698 466 796 531 adicis
815 465 858 528 M.
877 465 1019 528 Tullium
1039 466 1122 529 mira

72 557 307 641 abenignitate
338 560 507 640 poetarum
539 556 669 640 ingenia
700 555 827 619 fovisse.
875 552 937 618 Sed
969 575 1029 639 ego
1062 575 1123 618 nec

107 646 269 730 rogandus
292 666 364 710 sum
389 666 448 709 nec
470 645 660 727 hortandus,
687 667 762 707 nam
786 648 819 708 et
846 644 994 726 poeticen
1016 643 1122 726 ipsam

107 735 347 820 religiosissime
370 755 504 798 veneror
527 738 559 798 et
581 737 613 797 16
636 733 831 797 validissime
850 733 958 818 diligo.
991 731 1122 796 Faciam
1150 760 1161 798 s

73 821 1123 995 2,ttthtlblffltlbltmptbssdblbblltlt

107 1001 278 1085 pulchrum
299 1023 359 1065 nec
378 1000 649 1084 supprimendum,
669 1004 824 1082 quantum
844 1000 1011 1063 aestimare
1029 1000 1124 1063 licuit

109 1114 148 1154 ex
171 1090 231 1174 his,
255 1113 336 1174 quae
358 1112 410 1153 me
432 1094 598 1173 praesente
621 1089 773 1172 recitasti,
792 1089 819 1153 si
842 1087 938 1152 modo
957 1087 1039 1151 mihi
1056 1110 1124 1152 non

108 1179 253 1262 inposuit
280 1179 426 1243 recitatio
455 1183 524 1261 tua3
551 1179 633 1263 legis
661 1179 747 1242 enim
775 1177 963 1242 suavissime
986 1180 1018 1240 et
1041 1178 1123 1260 peri·
1139 1203 1163 1243 ro

109 1269 240 1333 tissime.
287 1265 420 1331 Confido
448 1271 557 1332 tamen
584 1288 724 1330 menon
752 1267 799 1331 sio
822 1267 951 1330 auribus
976 1265 1063 1348 duci,
1086 1270 1124 1330 ut

110 1378 221 1421 omnes
249 1357 352 1420 aculei
378 1357 489 1421 iudicii
516 1356 580 1419 mei
610 1356 739 1419 illarum
767 1355 984 1419 delinimentis
1010 1355 1124 1418 refrin-

74 1448 241 1531 4gantur3
277 1445 469 1509 hebetentur
504 1445 640 1509 fortasse
673 1449 706 1508 et
735 1446 868 1527 paulum
902 1443 1124 1527 retundantur,

75 1534 204 1599 develli
228 1534 357 1617 quidem
381 1533 627 1617 extorquerique
650 1554 716 1596 non
740 1538 884 1617 possunt.
930 1530 1035 1618 Igitur
1057 1555 1125 1596 non

110 1628 229 1688 temere
251 1624 316 1688 iam
339 1645 425 1688 nunc
448 1624 486 1687 de
509 1623 717 1686 universitate
740 1623 929 1706 pronuntio,
959 1622 997 1685 de
1025 1623 1164 1705 parti-1⁶

111 1714 171 1778 bus
195 1714 340 1796 experiar
361 1714 507 1798 legendo.
553 1710 642 1775 Vale.

577 1877 656 1934 XVI.

377 1977 396 2024 6
420 1977 559 2024 namins
582 1978 714 2024 repom
738 1977 802 2024 666
828 1976 855 2024 6.

77 2086 90 2133 1
177 2066 358 2130 Adnotasse
390 2066 501 2130 videor
530 2067 615 2130 facta
646 2067 793 2149 dictaque
821 2067 964 2130 virorum
991 2066 1125 2130 femina-

76 2175 91 2222 a
111 2176 246 2238 rumque
269 2156 332 2219 alia
355 2155 489 2218 clariora
512 2177 589 2237 esse,
608 2156 671 2218 6116
693 2156 822 2219 maiora.
860 2153 1056 2219 Confirmata
1074 2160 1124 2220 661
1139 2181 1164 2221 ro

112 2245 221 2328 opinio
250 2266 321 2307 mea
347 2243 497 2307 hesterno
527 2243 668 2308 Fanniae
699 2265 852 2308 sermone.
898 2243 1014 2328 Neptis
1043 2244 1124 2308 haec

111 2331 224 2398 Arriae
247 2333 344 2417 illius,
363 2355 444 2416 quae
463 2333 579 2397 marito
601 2337 633 2396 et
656 2333 810 2397 solacium
834 2333 949 2398 mortis
968 2337 1000 2398 et
1019 2355 1124 2397 exem-

111 2425 201 2507 plum
230 2423 302 2487 fuit.
347 2421 452 2486 Multa
483 2422 641 2486 referebat
673 2422 762 2485 aviae
794 2444 869 2486 suae
900 2444 967 2486 non
997 2423 1125 2486 minora

112 2512 182 2595 hoc,
206 2512 261 2576 sed
285 2511 485 2595 obscuriora,
510 2533 590 2593 quae
613 2510 674 2574 tibi
698 2511 847 2575 existimo
871 2515 937 2575 tam
963 2511 1125 2575 mirabilia

77 2618 93 2664 3
111 2602 232 2687 legenti
254 2602 332 2683 fore,
356 2623 452 2684 quarn
475 2600 556 2664 mihi
580 2600 722 2664 audienti
744 2600 882 2664 fuerunt.
923 2598 1125 2684 Aegrotabat
1139 2626 1165 2666 rs

113 2688 249 2753 Caecina
270 2689 398 2772 Paetus,
416 2690 550 2753 maritus
574 2690 651 2772 eius,
670 2690 857 2774 aegrotabat
876 2692 908 2752 et
925 2689 1021 2771 filius,
1040 2693 1123 2753 uter·

113 2800 174 2861 que
206 2779 379 2861 mortifero,
411 2783 447 2842 ut
478 2778 655 2843 videbatur.
705 2778 806 2842 Filius
839 2777 973 2841 decessit
1005 2778 1125 2842 eximia

113 2865 360 2950 pulchritudine,
379 2868 449 2950 pari
467 2867 658 2931 verecundia
677 2871 709 2930 et
726 2867 913 2951 parentibus
931 2888 998 2930 non
1016 2867 1124 2932 minus

77 2956 155 3021 rob
184 2955 246 3019 alia
274 2976 378 3038 carus,
409 2978 506 3039 quam
534 2955 620 3038 quod
647 2957 733 3020 filius
761 2959 837 3020 erat.
883 2954 968 3019 Huic
995 2957 1051 3019 1116
1078 2957 1125 3021 116

112 3045 209 3108 funus
232 3045 366 3128 paravit,
384 3046 431 3109 ita
450 3045 542 3109 duxit
562 3045 721 3128 exequias,
740 3049 777 3108 61
794 3045 957 3128 ignoraret
975 3045 1125 3128 maritus;
1139 3071 1170 3110 ao

114 3133 192 3216 quin
219 3134 333 3216 immo,
366 3135 514 3216 quotiens
538 3135 721 3198 cubiculum
752 3134 819 3197 eius
847 3133 993 3216 intraret,
1017 3135 1124 3198 vivere

113 3223 216 3286 filium
247 3225 342 3304 atque
373 3223 469 3286 etiam
501 3223 750 3287 commodiorem
782 3243 850 3286 esse
883 3223 1055 3286 simulabat
1088 3244 1125 3287 ac

185 3385 200 3432 δ
228 3378 341 3432 valdiss.
361 3381 413 3433 Fa
433 3380 533 3450 (valed.
550 3382 612 3449 M),
631 3382 652 3433 I
654 3381 711 3434 Vr.
723 3385 738 3433 1
754 3381 792 3434 M
800 3380 865 3445 VD,
884 3395 952 3434 corr.
967 3380 1004 3445 F,
1022 3381 1067 3433 VI
1071 3385 1125 3434 8.9

115 3453 185 3517 Ma,
200 3452 249 3504 IX
258 3455 323 3504 35.1
338 3451 439 3505 661166.
531 3457 546 3504 9
569 3450 613 3503 his
634 3453 671 3504 M
680 3450 789 3519 VFpr,
805 3450 878 3516 K.I,
902 3450 937 3504 iis
952 3451 1037 3504 KH.

113 3527 148 3660 gp
160 3521 343 3648 ,pppggmaM
351 3523 419 3587 VD,
432 3522 479 3588 K,
497 3522 567 3591 disp.
578 3523 617 3576 ΙΙ
623 3527 664 3587 19,
688 3520 834 3591 paululum
853 3521 958 3590 Fpra,
980 3521 1041 3576 Otto
1053 3525 1110 3576 299
1115 3542 1125 3588 ;
