2506 3862
379 226 637 282 EPISTULARUM
655 228 694 283 VI
713 227 835 282 ar-vn
853 233 877 282 3.
1072 229 1135 293 169

120 410 216 475 agere
240 412 336 454 sanus
359 411 433 454 cum
457 391 536 455 meis
560 393 662 456 soleo:
700 389 812 476 ‘Spero
837 391 975 475 quidem,
998 393 1026 455 si
1052 392 1135 457 forte

120 479 155 543 in
177 479 342 543 adversam
366 479 583 544 valetudinem
613 481 764 564 incidere,
791 479 874 545 nihil
900 503 952 545 me
979 481 1134 545 desidera-

119 571 228 632 turum
257 569 309 633 vel
336 569 458 652 pudore
484 571 536 634 vel
564 570 761 652 paenitentia
793 570 940 656 dignum,
973 570 1000 633 si
1026 572 1136 634 tamen

120 659 318 741 superaverit
340 657 481 742 morbus,
504 659 668 742 denunti0,
695 681 736 723 ne
764 660 841 742 quid
864 658 944 722 mihi
968 658 1049 723 detis
1072 659 1135 723 nisi

93 745 383 831 spermittentibus
405 748 549 830 medicis,
572 748 753 832 sciatisque,
773 749 800 812 si
822 747 981 830 dederitis,
1004 748 1050 812 ita
1067 749 1136 812 vin-

121 835 311 919 dicaturum,
333 840 370 900 ut
393 837 498 901 solent
521 836 585 919 alii,
604 858 685 919 quae
709 836 888 923 negantur?
925 835 1011 913 Quin
1029 838 1170 920 etiam,4

121 946 194 988 cum
232 928 382 1009 perustus
422 925 644 990 ardentissima
683 926 772 990 febre
812 925 942 991 tandem
983 927 1135 990 remissus

120 1017 302 1097 unctusque
325 1014 502 1098 acciperem
526 1037 545 1078 a
566 1015 691 1078 medico
715 1015 890 1098 potionem,
913 1015 1043 1099 porrexi
1069 1037 1134 1079 ma-

120 1125 207 1185 num,
230 1107 330 1186 utque
353 1107 509 1190 tangeret,
533 1103 600 1167 dixi
623 1103 852 1186 admotumque
871 1105 935 1168 iam
958 1103 1056 1168 labris
1080 1126 1135 1187 po-

81 1217 107 1256 io
121 1191 229 1255 culum
253 1191 385 1257 reddidi.
430 1192 547 1257 Postea
570 1213 643 1256 cum
669 1194 843 1258 vicensimo
867 1193 1059 1257 valetudinis
1084 1192 1169 1257 dieo

120 1280 249 1346 balineo
291 1303 497 1366 praepararer
537 1286 781 1366 mussantesque
821 1282 963 1347 medicos
1003 1286 1134 1365 repente

120 1370 281 1453 vidissem,
311 1391 440 1435 causam
472 1371 633 1454 requisivi.
679 1370 926 1453 Responderunt
957 1392 1051 1455 posse
1083 1393 1134 1435 me

119 1463 191 1524 tuto
215 1459 325 1542 lavari,
348 1464 546 1525 nontamen
569 1460 700 1525 omnino
725 1461 793 1524 sine
816 1461 923 1542 aliqua
944 1461 1134 1543 suspicione.

121 1547 229 1625 ‘Quid'
261 1549 394 1631 inquam
427 1548 568 1614 ‘necesse
601 1549 683 1613 est‘l'
716 1553 813 1632 atque
845 1550 891 1612 ita
923 1571 979 1632 spe
1007 1548 1169 1634 balineis

81 1639 173 1702 160111
196 1639 260 1701 iam
283 1638 416 1702 videbar
438 1638 558 1721 inferri,
581 1638 707 1722 placide
733 1639 911 1722 leniterque
936 1638 1067 1702 dimissa
1094 1637 1135 1701 ad

120 1727 348 1791 abstinentiam
370 1749 482 1791 rursus
504 1748 571 1792 non
597 1749 687 1791 secus
714 1748 752 1792 ac
779 1727 875 1791 modo
904 1727 944 1790 ad
971 1726 1135 1790 balineum

121 1817 264 1879 animum
292 1817 483 1899 vultumque
511 1818 674 1899 conposui.
721 1814 809 1892 Quae
837 1817 898 1880 tibi
927 1817 1049 1899 scripsi,
1072 1816 1170 1899 pri-7

121 1926 211 1967 mum
234 1907 270 1967 ut
292 1909 326 1969 te
348 1926 414 1969 non
438 1906 506 1969 sine
530 1907 676 1988 exemplo
700 1927 878 1988 monerem,
907 1904 1019 1969 deinde
1043 1906 1136 1968 utin

121 1997 285 2075 posterum
313 1995 382 2076 ipse
410 1993 451 2057 ad
478 1995 610 2058 eandem
638 1996 882 2079 temperantiam
913 1994 1135 2080 adstringerer,

82 2106 109 2146 ao
123 2102 195 2145 cum
218 2104 270 2146 me
293 2083 354 2146 hac
377 2084 515 2166 epistula
538 2084 629 2166 quasi
648 2085 783 2168 pignore
808 2082 1009 2168 obligassem.
1046 2081 1135 2146 Vale.

609 2249 648 2307 Π.

401 2347 428 2397 c.
453 2349 592 2396 ruimus
616 2349 719 2398 russo
744 2348 810 2397 suo
834 2348 860 2397 s,

189 2436 291 2513 Quem
310 2438 501 2502 admodum
520 2441 677 2524 congruit,
696 2443 733 2503 ut
757 2440 853 2503 simul
876 2442 908 2502 et
931 2437 1079 2501 adfirmes
1103 2442 1135 2501 te
1156 2453 1170 2500 1

123 2526 264 2591 adsiduis
289 2527 554 2611 occupationibus
577 2529 726 2612 impediri
754 2532 786 2592 et
810 2529 929 2611 scripta
952 2531 1062 2592 nostra
1084 2528 1136 2591 de-

82 2640 108 2680 as
123 2615 250 2699 siderea,
273 2638 354 2700 quae
377 2618 432 2680 vix
455 2617 495 2680 ab
519 2618 631 2681 otiosis
655 2618 825 2702 impetrare
854 2617 975 2699 aliquid
1002 2616 1137 2700 perituri

122 2706 276 2787 temporis
308 2706 466 2788 possunt?
520 2706 630 2770 Patiar
661 2727 737 2792 ergo
775 2710 928 2770 aestatem
960 2706 1171 2788 inquietama

122 2793 215 2856 vobis
239 2796 475 2877 exercitamque
493 2799 708 2860 transcurrere
732 2799 765 2859 et
782 2794 887 2859 hieme
906 2794 1044 2879 demum,
1063 2815 1136 2858 cum

124 2882 275 2947 credibile
289 2884 350 2947 erit
368 2883 517 2948 noctibus
537 2885 651 2948 saltem
668 2905 781 2948 vacare
799 2887 832 2947 te
850 2905 954 2966 posse,
978 2905 1136 2966 quaeram,

124 2971 201 3055 quid
219 2973 424 3055 potissimum
444 2995 483 3037 ex
500 2975 596 3058 nugis
615 2974 694 3037 meis
713 2973 774 3037 tibi
792 2972 969 3037 exhibeam.
1003 2970 1136 3036 Interim
1156 2985 1171 3034 3

84 3085 109 3125 ao
123 3060 249 3125 abunde
268 3065 325 3144 est,
342 3062 370 3125 si
389 3062 545 3144 epistulae
563 3083 629 3125 non
648 3067 723 3126 sunt
741 3063 907 3145 molestae3
932 3065 1006 3125 sunt
1030 3066 1136 3125 autem

124 3153 156 3213 et
179 3150 250 3215 ideo
275 3150 436 3214 breviores
460 3155 562 3215 erunt.
608 3149 697 3215 Vale.

604 3316 658 3374 HI.

356 3416 383 3463 c
408 3417 547 3465 ruimus
571 3416 765 3463 natussum
789 3415 854 3463 suo
881 3415 910 3462 s

191 3505 332 3571 Tantane
357 3509 602 3592 perseverantia
629 3513 671 3576 tu
697 3507 803 3575 modo
828 3499 1064 3571 mussans.
1077 3489 1222 3619 monam
1202 3496 1229 3534 x

70 3615 98 3654 ⁸5
110 3593 144 3653 in
185 3591 387 3678 Campania?
436 3599 534 3689 ‘Ipse
576 3603 684 3671 enim’
728 3599 853 3685 inquis
885 3588 1159 3655 *obtineanue
