2506 3862
118 216 184 283 266
437 214 465 271 O.
483 215 582 270 PLlNl
599 215 646 270 ΕΤ
665 215 817 270 TRAIANI

112 382 244 445 ductum
268 382 399 466 erogata
423 383 498 444 sunt
517 383 569 448 ῧῦ.
597 378 670 444 Hoc
690 401 817 464 quoque
836 380 948 445 relicto
967 401 1053 444 novo
1072 380 1134 444 im·

111 470 228 553 pendio
252 473 302 534 est
325 491 416 553 opus,
439 473 476 533 ut
500 491 616 553 aquam
638 469 787 551 habeant,
811 470 867 552 qui
888 471 1013 533 tantam
1036 490 1133 551 pecu·

75 560 199 624 aniam
222 559 306 623 mele
329 558 544 641 perdiderunt.
576 556 649 641 Ipse
668 559 800 641 perveni
823 556 863 622 ad
880 557 1005 622 fontem
1027 558 1133 641 puris·

111 649 239 734 simum,
258 670 298 712 ex
317 669 380 731 quo
400 648 527 712 uidetur
546 669 628 730 aque
647 646 761 712 debere
780 646 920 730 perduci,
940 647 1024 712 sicut
1037 647 1132 711 initio

110 741 306 820 temptatum
338 740 419 820 erat,
452 739 582 801 arcuato
612 757 721 820 opere,
752 740 942 800 natantum
971 736 1133 819 adplene
1161 762 1174 802 s

110 827 250 891 civitatis
270 830 302 890 et
320 826 457 890 humilia
475 826 649 909 perveniat.
675 823 807 889 Manent
827 825 931 890 adhuc
944 825 1133 908 paucissimi

110 937 215 999 arcus3
238 919 376 998 possunt
399 918 432 978 et
455 915 535 1000 erigi
553 914 684 997 quidam
702 914 808 997 lapide
828 914 993 1000 quadrato,
1017 915 1133 998 quiex

110 1005 274 1087 superiore
298 1025 394 1087 opere
418 1001 578 1068 detractus
603 1007 667 1089 est3
690 1005 798 1087 eliqua
820 1025 904 1087 pars,
926 1007 963 1067 ut
982 1004 1063 1067 mihi
1085 1005 1133 1068 vi-

110 1094 217 1176 detur,
246 1096 388 1157 testaceo
413 1114 509 1176 opere
533 1092 656 1178 agenda
679 1094 752 1177 erit3
784 1092 817 1156 id
840 1093 925 1156 enim
949 1095 981 1156 et
1002 1092 1131 1158 facilius

74 1186 142 1246 3et
164 1183 270 1246 vilius.
316 1177 380 1245 Sed
409 1182 444 1245 in
473 1182 586 1265 primis
616 1182 830 1246 necessarium
861 1185 909 1245 est
938 1182 1025 1245 mitti
1053 1204 1072 1246 a
1099 1186 1132 1246 te
1149 1209 1174 1248 ro

109 1272 162 1335 vel
181 1271 362 1356 aquilegem
385 1271 438 1335 vel
457 1271 676 1354 architectum,
699 1292 739 1334 ne
757 1292 867 1335 rursus
887 1271 1021 1356 eveniet,
1045 1270 1133 1354 quod

110 1360 233 1424 accidit.
280 1357 351 1445 Ego
375 1360 457 1424 illud
480 1382 581 1423 unum
605 1359 748 1442 adfirmo,
772 1363 804 1423 et
827 1360 1001 1423 utilitatem
1024 1361 1132 1443 operis

109 1452 140 1513 et
164 1448 440 1532 pulchritudinem
464 1449 590 1513 sacculo
614 1452 671 1513 tuo
696 1470 764 1512 esse
788 1447 1018 1534 dignissimam.

450 1595 615 1654 xxxvru.
639 1589 789 1675 [mvn]

457 1696 628 1744 TRAIANUS
652 1696 781 1745 PLINIO.
1145 1706 1171 1747 15

176 1785 359 1852 Curandum
384 1790 441 1872 est,
463 1790 500 1850 ut
524 1808 607 1870 aqua
624 1787 659 1850 in
678 1784 946 1852 Nicomedensem
966 1788 1130 1853 civitatem

108 1877 310 1961 perducatur.
356 1874 440 1943 Vere
464 1874 558 1939 credo
581 1879 614 1939 te
638 1898 689 1961 ea,
713 1898 776 1959 qua
799 1876 939 1961 debebis,
963 1877 1131 1962 diligentia

107 1966 171 2029 hoc
195 1986 276 2049 opus
300 1965 534 2050 adgressurum.
579 1962 643 2029 Sed
666 1965 789 2029 medius
813 1965 908 2030 fidius
932 1967 972 2030 ad
996 1966 1129 2031 eandem

109 2054 309 2140 diligentiam
336 2058 427 2118 tuam
455 2055 595 2137 pertinet
621 2055 791 2138 inquirere,
820 2069 957 2138 quorum
985 2056 1064 2119 vitio
1090 2055 1130 2119 ad

108 2143 172 2207 hoc
184 2147 312 2226 tempus
326 2147 451 2207 tantam
469 2144 641 2226 pecuniam
653 2141 904 2208 Nicomedenses
923 2144 1131 2232 perdiderint,
1144 2169 1172 2210 ao

108 2253 163 2317 ne,
195 2232 272 2296 dum
294 2233 378 2296 inter
401 2254 435 2296 se
459 2231 694 2318 gratificantur,
727 2237 758 2297 et
780 2232 1003 2298 inchoaverint
1026 2255 1129 2317 aquae

110 2321 224 2474 dog-thus
244 2325 276 2385 et
293 2321 489 2405 reliquerint.
514 2319 598 2397 Quid
616 2322 725 2405 itaque
745 2323 947 2406 compereris,
969 2322 1077 2406 perfer
1095 2324 1130 2387 in

108 2432 151 2474 no
168 2434 179 2473 1
194 2432 258 2474 ram
281 2432 394 2474 meam.

455 2503 587 2562 XXXIX.
612 2498 776 2582 [XLVIII]

308 2604 336 2653 c.
359 2604 499 2651 Pramus
524 2603 677 2651 TRAIANO
701 2605 926 2653 IMPERATORI.
1144 2615 1171 2655 ae

75 2711 89 2759 1
177 2693 361 2777 Theatrum,
386 2694 523 2776 domine,
545 2692 684 2758 Nicaeae
703 2696 843 2759 maxima
861 2718 925 2760 ram
944 2700 1036 2780 parte
1056 2718 1130 2761 con-

111 2786 282 2865 structum,
318 2783 544 2866 imperfectum
576 2788 698 2867 tamen,
735 2786 932 2869 sestertium,
964 2789 1001 2849 ut
1033 2786 1128 2850 audio

111 2868 229 2956 (neque
253 2872 338 2934 enim
365 2872 447 2935 ratio
473 2873 578 2954 operis
602 2893 735 2936 excussa
758 2870 821 2959 est)
845 2874 982 2957 amplius
1010 2875 1129 2939 centies

74 2960 227 3042 ahausit,
257 2982 369 3024 vereor
396 2982 436 3024 ne
459 2960 587 3025 frustra.
633 2958 822 3046 Ingentibus
852 2963 937 3027 enim
963 2963 1053 3028 rimie
1078 2963 1130 3028 de-

111 3049 234 3113 scendit
258 3053 290 3112 et
312 3049 390 3132 hiat,
414 3050 480 3113 sive
503 3051 537 3113 in
560 3071 655 3114 causa
679 3051 783 3114 solum
807 3052 953 3115 umidum
972 3056 1004 3116 et
1022 3053 1129 3136 molle,
1144 3079 1173 3119 eo

111 3139 178 3203 sive
200 3138 284 3220 lapis
307 3138 377 3221 ipse
401 3139 528 3224 gracilis
553 3142 584 3202 et
607 3139 724 3223 putris3
748 3139 882 3225 dignum
905 3144 953 3205 est
973 3145 1057 3205 certe
1077 3142 1130 3206 de·

109 3227 315 3310 liberatione,
346 3228 429 3292 sitne
458 3228 641 3292 faciendum
672 3250 713 3291 an
743 3230 784 3293 sit
812 3230 1058 3313 relinquendum
1088 3253 1131 3295 an

113 3317 210 3381 etiam
239 3314 475 3380 destruendum.
520 3314 607 3381 Nem
633 3315 772 3381 fulturae
801 3337 839 3380 ac
866 3319 1129 3403 substructiones,

110 3405 229 3484 quibus
252 3404 388 3468 subinde
412 3405 593 3489 suscipitur,
616 3427 679 3468 non
704 3410 771 3469 tarn
794 3406 905 3471 firmae
928 3408 1009 3472 mihi
1032 3430 1130 3492 quam

158 3546 198 3592 22
219 3541 372 3614 Quidquid
392 3545 537 3618 Schacfcr,
558 3547 649 3604 KH.
725 3549 762 3600 28
781 3544 876 3615 operis
893 3561 946 3600 ser.
961 3561 1032 3598 uua.
1046 3547 1138 3600 hbeo.

63 3607 234 3679 186051503
257 3616 353 3686 ΚΠ,
375 3620 476 3696 [plus]
495 3621 573 3680 KJ.
