2506 3862
392 221 650 276 EPISTULARUM
667 220 732 276 Vm
750 225 844 274 9-12.
1059 219 1124 284 205

112 388 177 451 laet
163 387 236 450 titia
259 386 469 450 sollicitudini
491 386 599 449 locum
622 406 689 449 non
710 384 879 485 relinquat,
925 382 1126 467 Quamquam

113 497 238 558 vereor,
265 497 306 539 ne
332 478 407 558 post
435 475 683 559 gratulationem
711 495 839 557 quoque
867 474 902 536 in
928 476 1050 537 metum
1080 494 1127 536 re

114 564 189 630 deas
216 568 314 647 atque
341 565 386 627 ita
413 563 552 649 gaudeas
579 563 721 646 periculo
748 563 865 627 liberat
865 565 995 645 am,ut
958 562 1128 644 utsimul,

115 654 202 737 quod
233 653 413 737 periclitata
447 653 499 735 sit,
530 651 760 753 perhorrescas
810 649 879 716 lam
910 649 1032 733 hilaris,
1064 650 1163 717 iama

89 743 229 826 ssibi,'
221 765 285 806 ram
315 740 396 805 mihi
425 740 588 806 reddita
579 740 694 824 incipit
679 741 812 805 trefici
841 700 1128 822 transmissumque

116 832 287 897 discrimen
300 830 550 896 convalescendo
564 830 680 893 metiri.
716 828 792 894 Fuit
810 829 932 912 alioqui
950 829 985 892 in
1002 849 1128 894 summo

116 920 308 1002 discrimine,
331 921 451 1004 inpune
474 919 592 983 dixisse
614 917 724 1002 liceat,
746 919 810 983 fuit
831 919 921 982 nulla
945 939 1003 982 sua
1026 917 1130 1000 culpa,

116 1010 230 1073 aetatis
260 1009 376 1091 aliqua.
419 1007 497 1072 Inde
528 1007 660 1072 abortus
690 1012 723 1072 et
752 1007 893 1094 ignorati
921 1008 1006 1071 uteri
1037 1007 1129 1071 triste

117 1099 380 1181 experimentum.
425 1096 575 1180 Proinde,
606 1097 667 1161 etsi
698 1117 765 1160 non
796 1097 932 1183 contigit
964 1097 1026 1161 tibi
1048 1095 1164 1161 desi-3

78 1213 103 1252 ro
118 1187 242 1250 derium
264 1187 373 1251 fratris
396 1187 507 1250 amissi
526 1189 582 1250 aut
604 1189 721 1269 nepote
745 1185 813 1249 eius
831 1188 887 1249 aut
905 1189 1000 1269 nepte
1024 1185 1131 1268 solari,

118 1279 278 1340 memento
302 1279 411 1339 tamen
434 1275 569 1340 dilatum
597 1276 700 1361 magis
729 1274 816 1339 istud
843 1296 940 1358 quam
967 1277 1130 1360 negatum,

118 1386 190 1429 oum
219 1366 307 1429 salva
335 1365 391 1447 ιιι,
419 1386 458 1429 ex
486 1386 550 1448 qua
577 1364 698 1448 sperari
724 1366 839 1447 potest.
886 1361 990 1428 Simul
1014 1384 1130 1428 excusa

115 1455 201 1608 balii
224 1457 281 1518 tuo
305 1474 424 1536 casum,
447 1454 499 1517 cui
521 1454 665 1537 paratior
689 1453 774 1536 apud
796 1453 932 1517 feminas
958 1454 1050 1517 venia
1073 1457 1129 1517 est.

148 1567 167 1607 a
180 1566 205 1607 e.

78 1675 102 1715 ιι
592 1653 659 1712 XII.

353 1755 382 1802 (l.
405 1753 545 1801 PLINIUS
569 1753 753 1802 MINIOIANO
778 1753 843 1801 SUO
868 1754 894 1801 S.

184 1843 281 1908 Hunc
304 1846 408 1909 solum
432 1844 517 1908 diem
536 1864 662 1908 excuso
698 1843 903 1909 Recitaturus
926 1847 975 1909 est
992 1841 1132 1907 Titinius
1151 1858 1166 1907 1

120 1931 243 2016 Capito,
267 1955 362 2016 quem
386 1954 446 2018 ego
470 1932 580 1996 audire
602 1932 710 1997 nescio
734 1933 837 2018 magis
861 1932 993 1997 debeam
1017 1955 1058 1995 an
1080 1954 1132 1997 cu-

120 2022 215 2105 piam.
260 2021 321 2085 Vir
344 2026 393 2086 est
416 2021 558 2105 optimus
581 2024 614 2084 et
637 2021 721 2085 inter
743 2022 916 2105 praecipua
939 2022 1057 2087 saeculi
1084 2043 1132 2086 or-

80 2113 271 2175 aeramenta
308 2111 537 2212 numerandum
574 2109 652 2174 colit
688 2111 804 2193 studia,
840 2110 1000 2176 studiosos
1037 2115 1133 2194 amat,

120 2200 210 2263 fovet
196 2190 399 2284 t,provehit,
422 2200 505 2264 mult
491 2203 612 2300 torum,
633 2200 690 2281 qui
712 2200 820 2284 aliqua
843 2203 1039 2302 conponunt,
1061 2221 1133 2284 por-

120 2293 182 2371 tus,
207 2289 305 2373 sinus,
331 2289 498 2374 gremium,
526 2288 670 2352 omnium
698 2290 925 2373 exemplums
917 2310 1058 2373 rpsarum
1082 2290 1133 2353 de-

120 2379 218 2461 nique
240 2378 453 2442 litterarum
444 2400 508 2442 ram
537 2378 769 2442 senescentium
796 2378 946 2443 reductor
972 2399 1010 2442 ac
1036 2378 1133 2442 refor-

121 2472 233 2530 mator.
278 2467 421 2531 Domum
451 2488 542 2531 suam
570 2467 779 2531 recitantibus
807 2467 948 2551 praebet,
975 2466 1167 2532 auditoriau

81 2581 107 2620 as
121 2577 188 2618 non
211 2556 295 2639 apud
319 2579 352 2620 se
370 2560 496 2619 tantum
520 2554 718 2641 benignitate
736 2556 818 2620 mira
835 2556 1031 2640 frequentat3
1053 2555 1134 2619 mihi

122 2648 216 2726 certe,
239 2645 266 2709 si
290 2645 385 2708 modo
409 2645 444 2707 in
465 2643 554 2727 urbe,
577 2644 680 2708 defuit
701 2666 886 2728 numquam.
922 2644 1023 2709 Porro
1043 2649 1133 2710 tanto

121 2733 247 2816 turpius
276 2735 413 2819 gratiam
441 2755 507 2797 non
534 2734 660 2815 referre,
688 2737 809 2817 quanto
841 2733 1008 2798 honestior
1039 2755 1134 2799 causa

121 2823 313 2887 referendae.
358 2820 420 2905 An,
443 2823 471 2887 si
493 2821 605 2886 litibus
628 2825 754 2906 tererer,
778 2823 969 2887 obstrictum
992 2844 1060 2888 esse
1083 2840 1169 2888 mea

123 2912 283 2975 crederem
316 2911 450 2975 obeunti
481 2910 665 2975 vadimonia
696 2933 780 2994 mea,
812 2933 912 2996 nuno,
948 2913 1023 2996 quia
1054 2912 1135 2977 mihi

82 3026 109 3065 ιο
124 3023 219 3065 omne
242 3001 419 3086 negotium,
442 3000 547 3064 omnis
571 3000 605 3063 in
627 3000 742 3065 studiis
769 3021 853 3086 cura,
876 3000 983 3066 minus
1008 3002 1136 3088 obligor

122 3093 213 3154 tanta
245 3089 415 3155 sedulitate
447 3089 631 3172 celebranti,
661 3089 696 3152 in
728 3111 792 3172 quo
825 3090 962 3176 obligari
994 3112 1063 3176 ego,
1094 3113 1135 3154 ne

124 3178 228 3243 dicam
248 3181 326 3262 solo,
342 3182 426 3243 certe
444 3178 583 3243 maxime
602 3179 755 3262 possum?
788 3177 882 3255 Quod
900 3180 928 3245 si
946 3178 995 3244 illi
1012 3181 1134 3243 nullam
1153 3195 1170 3242 4

122 3268 235 3351 vicem,
258 3269 347 3332 nulla
371 3268 463 3352 quasi
485 3270 599 3331 mutua
626 3266 733 3331 officia
761 3267 918 3352 deberem,
946 3268 1136 3333 sollicitarer

195 3459 495 3529 ammamiamom.
516 3461 559 3528 M,
579 3460 648 3515 Κ.Ι.
735 3462 914 3516 ilicetum
930 3458 1044 3520 MUK
1120 3458 1166 3498 Ἃ

109 3530 390 3671 magorqzffQ
346 3533 390 3598 M,
410 3533 481 3589 KJ,
575 3539 613 3590 22
638 3533 787 3608 gremium
810 3531 961 3598 Sebaste
975 3497 1079 3579 'KR
1093 3527 1176 3578 ιιι
