2506 3862
402 199 660 255 EPISTULARUM
677 202 703 254 H
722 207 799 257 1-3.
1064 203 1105 267 31

96 385 162 449 cus,
186 363 285 428 immo
304 362 442 446 Atticus,
460 365 674 448 praefationes
697 368 809 448 tersae,
828 365 971 451 graciles,
991 365 1108 451 dulces,

96 474 209 539 graves
228 453 389 517 interdum
408 457 440 519 et
459 457 588 518 erectae.
612 452 722 517 Poscit
741 455 973 520 controversias
991 455 1107 539 plures,
1127 473 1143 520 a

96 542 286 607 electionem
314 543 513 608 auditoribus
540 543 713 627 permittit,
741 565 836 628 saepe
863 544 959 608 etiam
991 547 1108 628 partes,

96 631 209 717 surgit,
233 631 389 716 amicitur,
407 631 537 716 incipit;
560 631 669 696 statim
688 633 795 696 omnia
814 653 851 697 ac
869 654 970 717 paene
988 634 1108 715 pariter

68 720 136 785 ead
158 741 299 804 manum,
323 742 434 785 sensus
456 719 614 786 reconditi
632 725 809 804 occursant,
828 722 934 806 rerba,
953 721 1008 785 sed
1032 744 1107 805 qua-

93 809 151 874 lial
172 808 317 893 quaesita
335 813 368 874 et
386 810 521 874 exculta.
558 807 663 874 Multa
685 809 781 875 lectio
805 811 839 874 in
862 810 987 894 subitis,
1005 811 1108 874 multa

96 897 229 981 scriptio
253 897 364 962 elucet.
405 897 651 962 Prohoemiatur
673 902 756 983 apte,
779 904 888 965 narrat
910 903 1028 983 aperte,
1050 921 1106 982 pu·
1127 916 1143 964 3

96 990 176 1072 gnat
202 987 326 1071 acriter,
355 986 481 1072 colligit
507 987 644 1070 fortiter,
672 992 765 1052 ornat
787 989 920 1072 excelse,
943 993 1106 1073 postremo

96 1075 202 1159 docet,
230 1076 380 1160 delectat,
407 1075 530 1159 adficit,
558 1076 634 1158 quid
657 1077 809 1161 maxime,
833 1077 973 1162 dubites,
996 1077 1108 1142 crebra

53 1191 81 1232 ιο
96 1163 322 1248 ἐνθυμήματα,
345 1165 448 1230 crebri
471 1165 660 1251 syllogismi,
684 1166 919 1251 circumscripti
942 1171 975 1230 et
994 1166 1107 1250 effecti,

96 1254 183 1337 quod
211 1253 285 1318 stilo
314 1274 441 1338 quoque
469 1255 600 1338 adsequi
633 1276 786 1340 magnum
816 1259 877 1341 est,
909 1254 1107 1321 incredibilis

95 1343 259 1428 memoria,
290 1344 407 1427 repetit
438 1341 545 1426 altius,
578 1364 659 1426 quae
691 1343 773 1409 dixit
806 1366 844 1408 ex
876 1349 1036 1428 tempore,
1066 1365 1107 1407 ne

95 1431 194 1496 verbo
222 1431 351 1515 quidem
378 1430 505 1496 labitur.
550 1430 601 1496 Ad
628 1435 751 1496 tantam
779 1431 847 1510 ἕξιν
871 1433 977 1497 studio
1001 1437 1033 1497 et
1056 1449 1143 1497 ex-4

96 1519 284 1585 ercitationc
302 1520 460 1604 pervenit,
478 1543 553 1584 nam
573 1521 684 1585 diebus
699 1525 732 1586 et
752 1521 902 1587 noctibus
918 1521 1001 1587 nihil
1020 1522 1108 1586 aliud

55 1635 81 1676 1⁶
96 1609 173 1694 agit,
196 1609 278 1673 nihil
301 1609 400 1694 audit,
423 1609 506 1674 nihil
528 1609 680 1692 loquitur.
716 1609 848 1674 Annum
872 1612 1106 1696 sexagesimum
1126 1626 1142 1674 5

96 1698 232 1763 excessit
255 1701 287 1763 et
310 1698 414 1762 adhuc
437 1698 647 1764 scholasticus
670 1702 797 1763 tantum
819 1702 880 1783 est3
904 1720 968 1782 quo
992 1720 1107 1783 genere

94 1786 264 1851 hominum
282 1787 365 1851 nihil
384 1791 439 1852 aut
458 1786 612 1852 sincerius
636 1790 691 1850 aut
711 1787 889 1870 simplicius
908 1792 964 1851 aut
982 1788 1106 1851 melius.

94 1874 165 1941 Nos
184 1877 280 1960 enim,
299 1876 354 1960 qui
372 1875 407 1940 in
424 1878 495 1941 foro
513 1877 660 1959 verisque
678 1874 790 1941 litibus
809 1876 951 1960 terimur,
968 1879 1107 1941 multum

96 1964 247 2048 malitiae,
270 1965 415 2048 quamvis
437 1965 587 2048 nolimus,
610 1964 811 2030 addiscimus.
858 1963 975 2030 Schola
998 1969 1031 2030 et
1053 1983 1143 2031 auc

52 2053 249 2120 auditorium
279 2058 312 2119 et
337 2054 414 2118 ficta
441 2075 536 2118 causa
563 2074 613 2118 res
641 2054 786 2137 inermia,
813 2054 945 2119 innoxia
973 2058 1021 2120 est
1048 2075 1108 2119 nec

95 2143 203 2206 minus
221 2143 309 2228 felix,
328 2143 456 2207 senibus
474 2143 671 2226 praesertim.
693 2142 779 2208 Nam
798 2145 875 2228 quid
891 2145 926 2208 in
945 2147 1107 2208 senectute

95 2231 223 2296 felicius
242 2254 338 2316 quam
357 2231 443 2314 quod
462 2232 683 2296 dulcissimum
702 2233 804 2296 estin
827 2233 978 2298 iuventa?
1004 2232 1107 2308 Quare
1127 2250 1142 2297 7

96 2341 157 2406 ego
185 2317 311 2385 Isaeum
339 2342 405 2384 non
432 2321 677 2386 disertissimum
704 2325 844 2405 tantum,
871 2345 981 2387 verum
1010 2323 1107 2385 etiam

96 2409 319 2474 beatissimum
347 2410 466 2494 iudico;
495 2431 589 2493 quem
617 2414 653 2474 tu
680 2410 744 2474 nisi
771 2431 963 2495 cognoscere
994 2431 1107 2474 concu-

54 2524 82 2565 as
96 2498 204 2581 piscis,
229 2519 342 2563 saxeus
364 2499 550 2582 ferreusque
574 2521 615 2562 es.
660 2498 808 2584 Proinde,
836 2500 864 2564 si
890 2520 956 2563 non
979 2498 1020 2562 ob
1044 2498 1141 2562 alias

95 2607 221 2669 nosque
247 2588 350 2671 ipsos,
377 2592 411 2651 at
439 2592 524 2652 certe
550 2590 588 2651 ut
614 2588 700 2652 hunc
727 2588 850 2666 audias,
879 2587 961 2652 veni.
1006 2584 1107 2650 Num-

96 2697 235 2760 quamne
258 2676 366 2761 legisti
391 2675 584 2740 Gaditanum
613 2678 771 2759 quendam
795 2676 860 2741 Titi
882 2675 955 2741 Livi
977 2675 1107 2741 nomine

95 2765 264 2850 gloriaque
287 2768 484 2830 commotum
502 2764 543 2829 ad
560 2766 727 2830 visendum
751 2788 824 2830 eum
847 2765 887 2829 ab
907 2765 1022 2831 ultimo
1046 2770 1107 2830 ter-

94 2875 204 2918 rarum
241 2854 319 2918 orbe
355 2855 480 2920 venisse
517 2855 702 2938 statimque,
738 2859 775 2918 ut
811 2855 947 2938 viderat,
978 2853 1107 2919 abisse?

53 2939 327 3026 ao’Apetdxutov,
351 2944 575 3026 inlitteratum,
603 2943 687 3007 iners
711 2964 748 3008 ac
770 2966 871 3028 paena
894 2945 991 3008 etiam
1013 2948 1107 3026 turpe

95 3034 146 3096 est
167 3053 234 3095 non
256 3035 369 3114 putare
387 3032 471 3096 tanti
495 3031 721 3116 cognitionem,
740 3054 804 3115 qua
821 3033 911 3097 nulla
930 3037 978 3098 est
996 3033 1107 3097 iucun-
1195 3033 1237 3125 ῤ’

96 3120 176 3202 dior,
199 3119 288 3183 nulla
311 3121 484 3204 pulchrior,
506 3120 597 3185 nulla
619 3122 755 3203 denique
778 3121 956 3186 humanior.
997 3121 1106 3185 Dices:
1126 3139 1142 3186 9
1199 3170 1205 3201 ,

97 3206 223 3273 ‘Habeo
246 3207 309 3291 hic,
333 3232 413 3293 quos
436 3211 551 3295 legam,
574 3231 640 3274 non
663 3211 769 3275 minus
794 3211 950 3276 disertos?
985 3210 1107 3292 Etiam,
1182 3204 1202 3248 ·'

97 3296 153 3361 sed
175 3297 304 3383 legendi
328 3321 452 3384 semper
475 3299 600 3363 occasio
624 3301 686 3381 est,
713 3300 863 3364 audiendi
885 3321 951 3364 non
974 3320 1106 3381 semper.

53 3410 82 3452 as
95 3384 266 3451 Praeterea
288 3389 391 3452 multo
415 3389 527 3473 magis,
549 3391 587 3452 ut
604 3388 702 3474 vulgo
726 3389 851 3473 dicitur,
873 3390 946 3453 riva
968 3409 1032 3452 vox
1055 3387 1107 3450 ad-

169 3583 185 3632 7
204 3578 346 3648 prohoem.
368 3581 443 3647 MV,
462 3580 532 3647 Κλ,
550 3595 674 3651 prooem.
691 3582 753 3639 rell.
