2506 3862
149 213 248 303 320,
584 211 612 266 c.
631 212 730 266 mnu
838 158 841 167 ’

149 379 264 458 totum,
291 397 365 440 cum
388 375 531 440 donativi
559 379 684 459 partem
712 377 830 440 milites
861 378 1067 460 accepissent.
1109 374 1164 439 An

150 464 319 530 mediocris
351 465 451 528 animi
481 469 529 528 est
558 465 609 529 his
637 466 746 548 potius
768 470 1016 548 repraesentare,
1044 464 1163 548 quibus

126 555 254 638 magis
280 553 392 638 negari
424 554 552 638 potest?
585 576 778 637 quamquam
810 554 844 618 in
872 556 933 619 hac
960 575 1088 638 quoque
1117 555 1165 618 di·

149 642 301 706 versitate
329 642 531 726 aequalitatis
559 645 641 707 ratio
670 647 795 707 servata
822 648 878 708 est.
920 642 1059 727 Aequati
1087 648 1164 707 sunt

151 732 235 796 enim
258 731 379 815 populo
403 732 523 796 milites
547 754 593 816 ee,
617 732 703 815 quod
725 737 858 817 partem,
877 733 932 797 sed
950 733 1082 816 prioreS,
1106 755 1164 815 po·
1194 761 1206 800 s

149 821 245 904 pulus
269 821 435 903 militibus,
460 821 545 904 quod
568 821 737 904 posterior,
763 822 817 886 sed
840 827 946 886 toturn
975 821 1085 886 statim
1114 843 1165 886 ac·

114 910 243 993 acepit.
285 909 458 973 Enimvero
487 933 551 993 qua
578 910 777 996 benignitate
805 910 943 975 divisum
970 915 1033 994 est,
1063 933 1164 994 quan-

149 1003 263 1082 taeque
287 1020 380 1062 curae
404 999 464 1062 tibi
487 999 559 1084 fuit,
578 1022 617 1063 ne
641 1000 713 1083 quis
732 1021 845 1083 expers
863 999 1068 1064 liberalitatis
1088 1004 1164 1063 tuae

149 1089 252 1151 fieret!
289 1087 410 1151 Datum
434 1092 483 1151 est
505 1089 565 1172 his,
589 1090 645 1172 qui
667 1093 743 1171 post
770 1089 910 1152 edictum
933 1093 1026 1153 tuum
1054 1091 1089 1153 in
1116 1091 1163 1153 lo-

150 1200 222 1241 cum
246 1199 409 1240 erasorum
433 1177 554 1241 subditi
576 1178 712 1260 fuerant,
735 1179 925 1262 aequatique
948 1182 1023 1241 sunt
1047 1179 1163 1242 ceteris
1180 1207 1206 1246 ιο

113 1285 131 1331 4
150 1266 198 1329 illi
212 1265 319 1349 etiam,
334 1266 451 1349 quibus
469 1288 535 1330 non
554 1270 622 1330 erat
636 1268 839 1350 promissum.
870 1266 1021 1354 Negotiis
1035 1267 1164 1350 aliquis,

149 1355 331 1419 valetudine
355 1355 445 1439 aliuS,
468 1356 522 1421 hic
545 1357 634 1439 mari,
656 1357 710 1419 ille
728 1357 916 1420 fluminibus
936 1357 1164 1440 distinebatur,

128 1447 335 1526 expectatus
363 1448 420 1528 est,
446 1445 685 1528 provisumque,
716 1468 757 1510 ne
786 1447 857 1529 quis
886 1468 988 1531 aeger,
1015 1468 1056 1509 ne
1089 1447 1165 1529 quis

150 1538 333 1618 occupatus,
355 1555 395 1597 ne
419 1534 491 1617 quis
515 1534 651 1617 denique
674 1534 771 1619 longe
794 1535 916 1617 fuisset,
934 1537 1059 1599 veniret
1077 1536 1164 1617 quis-

113 1640 130 1688 5
150 1645 220 1706 que,
243 1643 316 1687 cum
339 1622 445 1706 vellet,
467 1625 590 1687 reniret
614 1623 758 1706 quisque,
782 1645 854 1687 cum
878 1628 995 1706 posset.
1037 1623 1205 1710 Magni-15

149 1712 255 1795 ficum,
275 1710 399 1795 Caesar,
417 1716 449 1776 et
463 1715 555 1776 tuum
570 1712 837 1778 disiunctissimas
856 1716 956 1776 terras
975 1713 1168 1778 munificcn-'

148 1803 213 1864 tiae
236 1802 365 1886 ingenio
393 1802 483 1865 velut
510 1801 679 1866 admovere
705 1804 922 1885 immensaque
952 1803 1056 1885 spatia
1083 1802 1164 1866 libe-

149 1889 276 1953 ralitate
300 1890 496 1973 contrahere,
521 1891 717 1956 intercedere
741 1892 876 1975 casibus,
905 1912 1071 1956 occursare
1099 1891 1164 1955 for-

150 1983 245 2043 tunae
269 1982 365 2062 etque
389 1981 478 2043 omni
501 2001 561 2062 ope
585 1979 695 2063 adniti,
718 2003 758 2044 ne
778 1982 849 2064 quis
868 2003 885 2043 e
904 1981 996 2063 plebe
1016 1980 1164 2044 Romana

150 2066 245 2132 dante
269 2069 467 2153 congiarium
489 2071 521 2132 te
543 2068 707 2134 hominem
731 2091 764 2133 se
783 2071 886 2154 magis
911 2070 1044 2134 sentiret
1062 2070 1205 2136 fuissem

155 2178 251 2238 quam
275 2157 387 2222 civem.

100 2244 146 2310 26
219 2244 421 2310 Adventante
445 2247 600 2330 congiarii
620 2248 671 2311 die
695 2248 863 2312 observare
885 2248 1040 2331 principis
1058 2269 1165 2332 egres-

150 2356 221 2398 sum
245 2336 280 2398 in
301 2335 477 2419 publicum,
500 2335 637 2400 insidere
660 2337 729 2401 vias
752 2338 899 2400 examine
918 2337 1090 2401 infantium
1114 2338 1165 2400 fu-

150 2427 305 2507 turusque
323 2423 464 2506 populus
482 2425 613 2488 solebat.
639 2423 747 2489 Labor
764 2426 951 2509 parentibus
970 2431 1038 2490 erat
1057 2430 1162 2490 osten-

149 2516 218 2576 tare
240 2513 392 2596 parrulos
416 2515 647 2597 impositosque
671 2516 847 2579 cervicibus
876 2515 1039 2579 adulantia
1062 2516 1161 2579 verba
1178 2543 1204 2582 as

116 2602 348 2686 ablandasque
371 2624 465 2666 voces
489 2602 627 2667 edocere.
664 2603 852 2668 Reddebant
873 2605 931 2688 illi,
950 2626 1030 2688 quae
1054 2627 1163 2668 mone-

153 2692 282 2774 bantur3
314 2713 351 2755 ac
382 2691 527 2774 plerique
559 2693 658 2755 irritis
690 2693 839 2775 precibus
870 2694 981 2757 surdas
1007 2694 1165 2776 principis

152 2802 244 2843 aures
268 2781 496 2863 obstrepebant
514 2781 691 2866 ignarique,
710 2781 787 2865 quid
805 2786 982 2866 rogassent,
1002 2782 1079 2865 quid
1096 2805 1164 2846 non

116 2885 132 2931 3
151 2870 384 2952 impetrassent,
406 2868 506 2933 donec
524 2871 618 2952 plane
638 2872 763 2954 scirent,
782 2871 1017 2936 differebantur.
1055 2871 1104 2935 Tu
1122 2894 1164 2935 ne

151 2960 258 3042 rogari
286 2958 415 3040 quidem
443 2959 625 3023 sustinuisti
653 2964 694 3043 et,
724 2982 918 3043 quamquam
949 2960 1163 3025 laetissimum
1179 2989 1205 3027 so

151 3046 252 3110 oculis
282 3048 346 3110 tuis
374 3052 458 3110 esset
484 3054 657 3130 conspectu
685 3047 847 3112 Romanae
876 3050 995 3113 sobolis
1025 3050 1163 3134 impleri,

152 3156 261 3199 omnes
284 3139 400 3219 tamen,
423 3140 497 3200 ante
521 3159 617 3220 quam
641 3142 673 3201 te
695 3137 840 3202 riderent
862 3138 1034 3222 adirentve,
1052 3141 1163 3223 recipi,

152 3223 249 3288 incidi
272 3225 403 3307 iussisti,
425 3226 544 3289 utiam
567 3226 641 3290 inde
660 3227 700 3290 ab
719 3227 856 3291 infantia
873 3233 1039 3311 parentem
1057 3229 1164 3313 publi·

151 3335 224 3378 cum
238 3334 369 3377 munere
384 3313 580 3378 educationis
600 3317 827 3399 experirentur,
847 3322 1023 3381 crescerent
1041 3317 1081 3381 de
1096 3322 1165 3402 tuo,

203 3529 221 3576 9
240 3526 300 3581 dat.
323 3529 356 3583 et
373 3530 410 3601 (c.
433 3528 534 3602 etiam)
553 3529 592 3585 iis
612 3527 735 3586 Scbcctlc
753 3531 836 3596 ΜΒ.
854 3557 886 3566 -
902 3527 942 3577 'iis
958 3529 1000 3579 K.
1063 3535 1099 3579 m
1120 3533 1165 3582 at-

111 3592 170 3656 4111'
185 3595 308 3668 Baete,
332 3605 365 3658 at
387 3603 510 3663 Geraer.
591 3609 627 3660 28
647 3617 779 3674 erogass.
797 3598 922 3655 Scbcrld.
