2506 3862
440 207 697 262 EPISTULARUM
716 211 793 262 2-5.
1057 207 1123 271 253

113 368 258 437 vindicat
272 371 437 436 Voconius
455 370 630 454 Romanus,
653 372 692 435 ab
718 371 975 434 ineunteaetate
998 371 1123 435 condis-

115 463 239 546 cipulus
268 464 300 525 et
328 460 564 526 contubernalis
592 482 691 524 meus.
742 457 865 535 Quibus
893 481 933 523 cx
960 460 1063 524 causis
1091 462 1157 524 eta

114 552 230 616 adiro
257 553 347 634 patre
375 553 431 613 tuo
459 550 623 633 petieram,
649 551 687 612 ut
713 547 805 612 illum
832 549 867 612 in
890 548 1122 633 amplissimum

115 641 259 707 ordinem
282 642 492 724 promoveret.
539 636 601 702 Sed
626 638 689 702 hoc
711 641 823 701 votum
851 660 959 701 meum
987 638 1124 701 bonitati

86 733 188 795 etuae
212 731 407 792 reservatum
431 731 488 811 est,
512 727 587 811 quia
609 730 711 791 mater
733 725 872 791 Romani
898 727 1124 790 liberalitatem

116 817 253 882 sestertii
277 817 544 902 quadringenties,
564 818 649 899 quod
668 817 811 880 conferre
831 838 863 880 sc
881 815 949 879 filio
969 814 1124 880 codicillis

116 907 156 971 ad
178 910 302 990 patrem
326 910 418 970 tuum
442 906 569 990 scriptis
592 904 735 989 professa
752 905 866 989 fuerat,
884 904 1028 968 nondum
1047 904 1124 968 satis

115 996 259 1081 legitime
277 998 456 1080 peregerat,
475 995 561 1078 quod
578 997 691 1077 postea
708 993 785 1058 fecit
804 994 967 1058 admonita
986 1017 1004 1057 a
1022 993 1124 1057 nobis.

115 1083 200 1148 Nam
225 1088 256 1148 et
278 1084 395 1149 fundos
418 1084 632 1169 emancipavit
659 1087 691 1147 11
714 1087 827 1167 cetera,
855 1105 936 1166 quae
963 1083 997 1146 in
1020 1105 1125 1146 eman·
1145 1098 1160 1145 3

77 1200 104 1240 ro
118 1173 276 1256 cipatione
294 1173 455 1256 implenda
474 1174 578 1237 solent
596 1173 691 1258 exigi,
711 1173 951 1236 consummarit.
985 1169 1065 1235 Cum
1085 1171 1126 1235 sit
1144 1187 1161 1234 4

118 1284 193 1348 ergo
216 1262 354 1345 finitum,
383 1262 468 1346 quod
496 1285 567 1347 spes
595 1265 721 1326 nostras
749 1261 944 1345 morabatur,
966 1283 1033 1325 non
1058 1261 1126 1325 sine

117 1374 233 1437 magna
260 1352 377 1416 fiducia
405 1350 558 1437 subsigno
592 1351 676 1434 apud
707 1354 739 1414 te
769 1350 865 1414 fidem
894 1372 953 1433 pro
982 1350 1126 1414 moribus

116 1440 255 1505 Romani
269 1441 344 1524 mei,
359 1462 438 1523 quos
454 1445 485 1504 11
498 1440 643 1505 hberalia
662 1439 768 1504 studia
786 1442 942 1503 exornant
961 1443 992 1503 11
1010 1439 1127 1503 eximia

116 1531 227 1614 pietas,
242 1552 305 1613 qua
324 1533 355 1592 et
371 1530 453 1594 hanc
471 1529 574 1613 ipsam
592 1529 704 1593 matris
722 1529 948 1593 liberalitatem
967 1531 999 1592 et
1017 1529 1127 1592 statim

77 1644 103 1685 11
117 1620 218 1704 patris
254 1618 463 1682 hereditatem
500 1622 532 1682 11
569 1618 774 1702 adoptionem
806 1641 825 1680 a
855 1617 970 1681 vitrico
1002 1617 1126 1681 meruit.

117 1708 226 1792 Auget
262 1707 341 1771 haec
378 1711 409 1770 et
445 1707 600 1771 natalium
637 1709 669 1771 et
700 1711 905 1790 paternarum
930 1705 1162 1770 ‘facultatumo

119 1796 280 1880 splendor,
305 1795 421 1879 quibus
445 1796 579 1881 singulis
602 1797 740 1859 multum
769 1794 1055 1860 commendationis
1079 1815 1127 1858 ac-

119 1905 281 1949 cessurum
314 1885 410 1949 etiam
443 1907 482 1948 ex
514 1884 594 1948 meis
626 1885 774 1968 precibus
806 1884 1024 1969 indulgentiae
1054 1887 1128 1947 tuae

119 1974 221 2037 credo
258 1973 351 2058 Rogo
376 1995 461 2059 ergo,
484 1973 622 2057 domine,
644 1977 681 2036 ut
699 1994 751 2037 me
770 1973 1029 2056 exoptatissimae
1048 1973 1128 2037 mihi
1148 1988 1163 2037 6

77 2090 106 2129 ac
119 2063 342 2149 gratulationis
374 2066 555 2146 compotem
582 2062 681 2125 facias
713 2065 745 2126 et
776 2062 930 2146 honestis,
958 2066 995 2125 ut
1027 2084 1129 2146 spero,

119 2152 296 2216 adfectibus
319 2152 398 2215 meis
421 2155 571 2235 praestes,
594 2154 714 2215 utnon
731 2152 767 2215 in
784 2174 836 2215 1111
859 2154 995 2235 tanturn,
1017 2173 1128 2215 rerum

119 2245 151 2306 ct
174 2242 208 2305 in
231 2242 333 2306 amico
358 2242 489 2326 gloriari
512 2240 638 2305 iudiciis
661 2240 726 2304 tuis
749 2240 880 2323 possim.

316 2489 343 2536 e.
367 2489 506 2537 PLINIUS
531 2488 683 2537 TRAIANO
708 2487 934 2536 IMPERATORI.

80 2604 106 2644 11
185 2578 337 2643 Proximo
366 2601 463 2662 anno,
491 2580 632 2663 domine,
664 2579 852 2664 gravissima
875 2578 1056 2642 valetudine
1079 2594 1163 2642 us-1

121 2689 181 2750 que
205 2668 245 2731 ad
267 2668 443 2751 periculum
471 2669 555 2732 vitae
582 2673 715 2732 vexatus
742 2668 926 2750 iatralipten
954 2667 1130 2750 adsumps13

121 2757 210 2820 cuius
235 2757 443 2821 sollicitudini
470 2761 502 2821 11
525 2757 630 2821 studio
658 2761 731 2820 tuae
759 2760 885 2820 tantum
912 2757 1130 2843 indulgentiae

121 2846 275 2910 beneficio
299 2845 415 2909 referre
439 2847 573 2932 gratiam
597 2867 705 2930 parem
729 2868 869 2929 possum.
916 2843 1019 2921 Quare
1041 2863 1164 2931 rogo,2

121 2935 175 2999 des
199 2935 229 2997 ei
253 2934 414 2998 civitatem
437 2935 625 2999 Romanam.
657 2934 718 2999 Est
741 2936 826 2999 enim
849 2936 1034 3020 peregrinae
1058 2957 1131 2999 con-

80 3050 108 3090 co
121 3024 256 3088 dicionis
284 3025 498 3088 manumissus
527 3046 545 3087 a
572 3024 747 3108 peregrina.
793 3023 937 3087 Vocatur
959 3025 1027 3109 ipse
1050 3023 1131 3088 Har-

120 3135 242 3197 pocras,
260 3116 428 3197 patronam
446 3113 560 3178 habuit
574 3112 786 3176 Thermuthin
799 3111 948 3195 Theonis,
967 3135 1048 3196 quae
1066 3113 1130 3177 iam

122 3203 245 3285 pridem
260 3202 410 3266 defuncta
427 3206 482 3267 111.
518 3201 600 3266 Item
614 3222 703 3287 r0g0,
718 3200 772 3265 des
786 3200 836 3264 ius
851 3199 1023 3277 Quiritium
1037 3202 1131 3266 liber-

122 3291 164 3355 tis
178 3289 338 3355 Antoniae
350 3290 555 3375 Maximillae,
570 3290 789 3355 ornatissimae
802 3289 949 3374 feminae,
962 3289 1085 3354 Hediae
1100 3294 1131 3353 et

122 3379 145 3461 †
163 3377 322 3444 Antoniae
340 3379 535 3466 Harmeridi3
559 3380 645 3464 quod
663 3404 682 3445 a
699 3383 731 3443 te
749 3382 877 3462 petente
894 3383 1029 3462 patrona
1047 3383 1130 3462 pet0.

126 3487 375 3597 ῑῑΨ-Μῖθῧ
393 3536 444 3576 om·
464 3540 492 3591 a,
512 3523 551 3579 K.
558 3522 584 3578 l.
664 3526 702 3576 31
721 3517 906 3594 thntomaet
917 3515 1018 3574 lm,
1037 3509 1169 3572 agame-

111 3587 214 3639 mcndi
232 3590 362 3646 Momm,
