2506 3862
144 214 206 280 108
589 214 616 270 0.
635 214 733 268 Pnnu

143 378 273 462 quires?
300 379 421 463 ubique
447 379 526 443 vitia
552 379 702 443 remediis
728 377 872 443 fortiora.
919 375 1029 444 ‘uisa
1052 387 1156 443 ταῦτα

142 475 188 555 τῷ
212 464 295 554 ὑπὲρ
318 466 402 552 ἡμᾶς
421 471 551 552 μελήσει
560 468 580 550 ',
599 469 651 531 cui
668 469 808 532 multum
827 467 945 533 cotidie
963 468 1157 552 vigiliarum,

143 558 282 621 multum
305 558 425 621 laboris
444 556 542 620 adicit
559 557 639 621 haec
657 561 767 621 nostra
785 558 871 622 iners
890 561 922 622 et
940 560 1049 622 tamon
1067 557 1157 621 effre-

142 650 219 710 nata
241 647 427 730 petulantia.
473 645 563 710 Vale.

594 811 700 870 XXVI.
1183 832 1196 872 s

321 912 349 960 G.
373 911 512 960 PLINIUS
536 912 683 959 METILIO
707 912 838 960 NEPOTI
861 911 926 960 SUO
952 911 978 961 S.

107 1019 121 1067 1
208 1001 306 1085 Petis,
330 1007 367 1066 ut
388 1002 517 1067 libellos
545 1021 642 1085 meos,
670 1023 751 1086 quos
779 1001 1012 1067 studiosissime
1041 1022 1156 1086 conpa-

141 1092 229 1174 rasti,
251 1091 527 1178 recognoscendos
551 1091 829 1174 emendandosque
854 1110 971 1155 curem.
1016 1089 1155 1156 Faciam.

142 1178 227 1256 Quid
259 1182 345 1246 enim
379 1180 539 1263 suscipere
570 1180 723 1245 libentius
756 1180 870 1263 doben,
902 1184 935 1244 tc
965 1181 1155 1263 praesertim

106 1270 314 1354 nauigante?
350 1268 445 1353 Nam,
468 1290 541 1334 oum
564 1270 614 1333 vir
637 1269 853 1354 gravissimus,
872 1269 1086 1354 doctissimus,
1110 1270 1197 1336 di-10

142 1359 347 1442 sertissimus,
375 1380 470 1442 super
495 1359 575 1423 haec
603 1358 877 1442 occupatissimus,
902 1359 1061 1423 maximae
1083 1381 1155 1442 pro-

141 1448 266 1512 vinciae
288 1449 492 1531 praefuturus
515 1447 597 1511 tanti
625 1451 718 1530 putes
743 1448 861 1530 scripta
888 1452 998 1512 nostra
1022 1448 1156 1512 circum·

141 1537 224 1601 ferre
247 1540 364 1620 tecum,
383 1541 503 1620 quanto
524 1558 619 1620 opere
637 1536 718 1599 mihi
736 1536 970 1619 providendum
989 1540 1046 1619 est,
1064 1559 1104 1602 ne
1123 1541 1155 1602 te

141 1626 221 1690 haec
247 1647 322 1710 pars
349 1627 546 1691 sarcinarum
573 1630 739 1708 tamquam
770 1646 966 1708 supervacua
993 1626 1155 1691 offendat?

106 1730 122 1778 a
141 1713 279 1780 Adnitar
302 1736 389 1801 orgo,
411 1716 552 1799 primum
575 1718 612 1778 ut
635 1714 768 1779 comites
791 1715 871 1779 istos
895 1737 991 1797 quam
1015 1735 1196 1782 commo-1⁶

142 1804 291 1869 dissimos
313 1805 442 1887 habeas,
461 1803 575 1868 deinde
593 1807 630 1867 ut
648 1825 793 1868 reversus
811 1805 965 1886 invenias,
984 1825 1064 1887 quos
1083 1804 1155 1869 istis

141 1893 257 1958 addere
284 1895 372 1958 velis.
417 1892 531 1977 Neque
564 1894 649 1957 enim
681 1893 885 1957 mediocriter
916 1915 968 1957 me
1000 1893 1041 1956 ad
1070 1914 1155 1958 nova

142 2003 239 2065 opera
262 1985 298 2045 tu
321 1985 424 2046 lector
445 1983 594 2046 hortaris.
639 1979 729 2046 Vale.

587 2147 710 2205 XXVII.

305 2246 333 2294 c.
356 2245 495 2295 nmmos
519 2245 674 2295 rourum
698 2247 852 2295 ranconi
876 2246 941 2296 suo
966 2247 992 2296 s,
1168 2257 1195 2297 so

108 2353 121 2400 1
209 2337 336 2402 Tertius
364 2336 432 2401 dies
464 2339 526 2420 est,
558 2337 645 2420 quod
677 2337 784 2401 audivi
816 2338 1004 2402 recitantem
1029 2335 1155 2402 Serium

141 2425 346 2512 Augurinum
374 2445 447 2490 cum
476 2447 601 2490 summa
628 2448 699 2490 mea
722 2426 902 2510 voluptate,
928 2427 1029 2491 immo
1058 2429 1155 2492 etiam

142 2516 362 2580 admiratione.
393 2514 561 2579 Poematia
579 2517 728 2599 appellat.
764 2513 868 2579 Multa
886 2516 1034 2598 tenuiter,
1052 2518 1156 2581 multa

141 2605 331 2688 sublimiter,
352 2607 454 2669 multa
472 2608 614 2685 venuste,
632 2606 735 2668 multa
753 2607 870 2686 tenere,
889 2605 992 2667 multa
1011 2604 1155 2688 dulciter,

107 2695 245 2758 amula
282 2715 355 2758 curn
386 2694 461 2758 bile.
507 2691 643 2776 Aliquot
679 2693 770 2757 annis
802 2696 882 2777 puto
914 2693 997 2757 nihil
1029 2695 1155 2777 generis
1169 2720 1196 2761 rs

142 2783 284 2847 eiusdem
310 2783 489 2848 absolutius
518 2783 681 2866 scriptum,
709 2783 771 2846 nisi
798 2783 882 2847 forte
908 2804 961 2846 me
987 2783 1072 2847 fallit
1099 2787 1156 2848 aut

107 2887 122 2935 3
142 2893 233 2934 amor
255 2873 332 2954 eius,
355 2877 411 2935 aut
434 2871 520 2955 quod
543 2873 649 2955 ipsum
672 2893 724 2936 me
751 2870 900 2936 laudibus
927 2872 1024 2935 vexit.
1069 2870 1155 2936 Nam

141 2963 260 3024 lemma
283 2960 344 3024 sibi
368 2961 513 3045 sumpsit,
537 2960 623 3044 quod
646 2981 706 3046 ego
725 2960 886 3024 interdum
905 2961 1050 3025 versibus
1068 2961 1155 3025 ludo.

141 3046 250 3131 Atque
272 3048 352 3112 adeo
375 3049 486 3113 iudicii
509 3050 572 3114 mei
595 3053 628 3114 te
650 3049 789 3114 iudicem
811 3049 938 3133 faciam,
961 3050 988 3114 si
1011 3051 1092 3114 mihi
1115 3072 1156 3115 ex

141 3138 204 3201 hoc
226 3138 297 3221 ipso
320 3140 471 3203 lemmate
493 3138 650 3204 secundus
672 3159 783 3202 versus
802 3139 989 3223 occurrerit3
1012 3161 1087 3203 nam
1105 3159 1155 3204 ce·
1169 3166 1196 3206 so

142 3231 228 3291 toros
251 3231 354 3309 tene0,
377 3231 410 3291 et
432 3229 496 3292 iam
520 3228 668 3311 explicui.

212 3461 229 3508 8
248 3473 361 3525 recogn.
381 3454 626 3525 emendandosque
644 3457 753 3524 Dyrra,
773 3456 842 3520 K.I,
865 3454 925 3509 Otto
939 3460 1000 3521 301,
1019 3455 1154 3526 legendos

117 3527 428 3595 recognoscendaque
437 3529 516 3584 EM
523 3529 552 3598 V,
563 3529 600 3584 K.
608 3529 650 3584 ΙΙ.
701 3532 735 3582 13
750 3529 886 3598 quantop.
899 3529 932 3581 M
941 3528 972 3581 V.
992 3527 1037 3581 Ad
1046 3532 1103 3595 p.7.
1113 3534 1153 3583 17.

102 3588 267 3644 2186111111
278 3598 413 3656 Momm.
427 3601 488 3658 md
494 3620 527 3674 p.
536 3607 602 3672 425,
615 3601 750 3660 Sentium
758 3601 835 3673 oalq.
867 3603 901 3654 ‘z'l
911 3613 961 3652 me
967 3597 1024 3665 ips.
1033 3598 1168 3664 RFprc.
