2506 3862
388 217 647 272 EPISTULARUM
661 217 717 272 'Vn
735 223 847 272 aa-ar.
1062 218 1125 282 189

113 380 266 446 accidisse
290 379 400 446 Curtio
424 380 519 445 Rufo.
569 380 688 445 Tenuis
710 382 815 448 adhuc
838 386 870 446 et
893 382 1048 446 obscmus
1072 383 1126 446 ob-

113 471 229 535 tinenti
257 467 400 536 Africam
428 492 535 535 comes
565 469 718 536 haeserat.
763 468 922 535 Inclinato
951 471 1002 535 die
1030 472 1126 554 spati·

114 560 228 623 abatur
255 560 290 623 in
311 560 452 643 porticu3
483 560 615 624 offertur
642 559 672 624 ei
694 560 838 624 mulieris
860 560 964 646 figura
986 559 1127 624 humana

114 648 266 733 grandior
282 648 524 733 pulchriorque3
546 649 715 733 perterrito
730 647 873 714 Africam
893 670 926 713 se
944 649 1127 712 futurorum

88 738 337 821 epraenuntiam
370 738 465 820 dixit3
496 738 617 802 iturum
645 738 731 802 enim
760 737 898 802 Romam
925 737 1128 820 honoresque

115 831 280 912 gesturum
304 830 400 909 atque
423 826 521 891 etiam
545 848 617 891 oum
642 848 768 891 summo
787 826 923 911 imperio
942 827 977 890 in
995 826 1127 890 eandem

114 915 313 999 provinciam
336 937 537 980 reveremum
560 915 670 998 ibique
693 916 894 980 moriturum.
930 914 1029 980 Facta
1052 920 1162 980 sunta

116 1004 232 1068 omnia.
260 1003 427 1069 Praeterea
450 1004 613 1069 accedenti
637 1003 863 1090 Carthaginem
887 1004 1127 1091 egredientique

116 1114 196 1157 nave
220 1093 329 1157 eadem
352 1093 455 1178 figura
483 1094 629 1158 inlitora
657 1094 832 1159 occurrisse
855 1098 1011 1158 narratur.
1055 1091 1129 1178 Ipse

77 1207 102 1246 ro
117 1186 201 1246 certe
229 1182 393 1266 inplicitus
420 1183 534 1246 morbo
562 1182 671 1246 futura
697 1183 892 1267 praeteritis,
923 1183 1056 1247 adversa
1083 1204 1129 1246 se-

117 1270 229 1335 cundis
247 1275 421 1357 auguratus
443 1293 532 1354 spem
552 1272 664 1336 salutis
683 1272 773 1336 nullo
793 1294 923 1336 suorum
943 1273 1129 1363 desperante
1168 1293 1171 1298 ·

138 1360 259 1424 reiecit.

116 1383 137 1444 p
182 1447 251 1513 Iam
279 1449 360 1513 illud
387 1470 493 1513 nonne
521 1453 554 1514 et
581 1450 684 1536 magis
707 1450 851 1514 terribile
879 1454 911 1514 et
934 1472 1001 1514 non
1023 1450 1166 1514 minus4

116 1538 234 1602 mirum
258 1542 319 1621 est,
343 1538 430 1620 quod
452 1560 624 1622 exponam,
651 1543 689 1604 ut
715 1539 846 1623 accepi?
890 1538 971 1602 Erat
993 1537 1130 1603 Athenis
1149 1551 1165 1600 5

77 1651 102 1692 15
117 1628 257 1710 spatiosa
280 1631 313 1691 et
335 1649 436 1710 capax
455 1628 578 1712 domus,
601 1629 656 1693 sed
678 1628 807 1692 infamis
827 1632 859 1692 et
876 1628 1038 1711 pestilens.
1069 1625 1132 1691 Per

117 1716 280 1780 silentium
307 1717 412 1781 noctis
443 1738 540 1781 sonus
570 1717 646 1781 ferri
674 1722 721 1800 et,
753 1717 780 1781 si
808 1717 987 1782 attenderes
1016 1716 1131 1799 acrius,

117 1805 270 1888 strepitus
296 1805 498 1870 vinculorum
525 1807 654 1892 longius
677 1806 792 1890 primo,
816 1806 928 1870 deinde
947 1828 965 1870 e
982 1805 1131 1889 proximo

117 1892 317 1958 reddebatur.
371 1894 448 1959 Mox
475 1896 650 1980 apparebat
682 1896 805 1979 idolon,
837 1917 934 1960 senex
965 1895 1067 1959 macie
1100 1897 1132 1958 et

119 1982 266 2064 squalore
289 1983 466 2067 confectus,
497 1985 656 2069 promissa
682 1985 795 2069 barba,
826 1984 970 2050 horrenti
998 1983 1132 2068 capillo;

80 2095 106 2134 ao
121 2070 268 2135 cruribus
291 2073 469 2157 compedes,
491 2075 639 2139 manibus
658 2078 786 2139 catenas
805 2075 936 2160 gerebat
954 2073 1131 2156 quatiebat

120 2182 190 2243 que.
235 2158 313 2224 Inde
336 2161 591 2228 inhabitantibus
619 2163 727 2227 tristes
754 2163 904 2246 diraeque
935 2166 1046 2226 noctes
1075 2175 1166 2246 pero

119 2253 241 2313 metum
264 2250 494 2336 vigilabantur3
517 2252 660 2338 vigiliam
684 2253 816 2316 morbus
840 2256 872 2316 et
890 2255 1051 2316 crescente
1068 2250 1131 2314 for·

119 2339 239 2402 midine
257 2361 344 2403 mors
367 2341 567 2422 sequebatur.
599 2339 684 2405 Nam
703 2341 843 2406 interdiu
862 2361 999 2425 quoque,
1023 2361 1133 2422 quam·

121 2448 217 2508 quam
254 2429 450 2494 abscesserat
485 2429 607 2515 imago,
643 2431 799 2495 memoria
839 2429 989 2515 imaginis
1030 2428 1132 2492 oculis

80 2541 106 2581 aa
121 2516 289 2599 inerrabat,
307 2518 498 2603 longiorque
517 2519 621 2584 causis
639 2520 765 2583 timoris
784 2519 882 2583 timor
900 2521 975 2582 erat.
998 2516 1133 2581 Deserta

121 2604 194 2668 inde
218 2611 250 2670 et
272 2607 422 2670 damnata
446 2607 618 2672 solitudine
637 2608 751 2673 domus
769 2612 902 2691 totaque
920 2608 969 2671 illi
986 2609 1131 2670 monstro

120 2693 245 2777 relicta3
267 2696 527 2779 proscribebatur
549 2702 665 2780 tamen,
689 2718 745 2761 seu
768 2697 840 2779 quis
863 2718 967 2760 emere
986 2718 1042 2760 seu
1061 2695 1133 2778 quis

121 2783 297 2848 conducere
329 2785 459 2870 ignarus
491 2785 574 2849 tanti
603 2786 680 2849 mali
712 2787 817 2850 vellet.
863 2785 962 2849 Venit
988 2783 1167 2849 Athenas?

120 2872 333 2956 philosophus
352 2870 589 2957 Athenodorus,
610 2874 691 2959 legit
712 2874 844 2939 titulum
867 2874 1042 2957 auditoque
1064 2896 1134 2958 pre

81 2986 107 3026 eo
121 2961 186 3042 tio,
215 2962 289 3044 quia
313 2967 459 3046 suspecta
482 2962 599 3045 vilitas,
621 2966 846 3047 percunctatus
870 2963 978 3026 omnia
1002 2963 1134 3027 docetur

120 3071 158 3115 ac
180 3050 282 3114 nihilo
305 3051 422 3134 minus,
444 3051 543 3116 immo
562 3055 653 3116 tanto
672 3051 775 3138 magis
794 3052 952 3116 conducit.
979 3050 1046 3117 Ubi
1064 3073 1134 3117 coe

120 3139 170 3221 pit
201 3140 474 3223 advesperascere,
503 3140 592 3205 iubet
615 3141 714 3205 sterni
737 3140 799 3205 sibi
826 3141 992 3224 inprime
1019 3141 1133 3204 domus

121 3232 220 3311 parte,
244 3229 349 3313 poscit
371 3230 554 3315 pugillares,
578 3229 698 3312 stilum,
719 3230 845 3314 lumen3
868 3250 942 3293 suos
966 3251 1076 3295 omnes
1099 3228 1134 3291 in

122 3317 274 3381 interiora
297 3317 441 3401 dimittit,
468 3320 536 3403 ipse
554 3319 595 3382 ad
614 3318 815 3383 scribendum
839 3318 991 3400 animum,
1015 3318 1133 3400 oculos,

82 3429 107 3469 aa
122 3427 252 3470 manum
279 3407 431 3490 intendit,
462 3430 502 3471 ne
525 3429 625 3473 vacua
651 3429 741 3472 mens
769 3407 879 3472 audita
905 3407 1083 3470 simulacre.
1104 3410 1145 3463 et

183 3598 490 3670 cenomanni
