2506 3862
148 211 216 277 220.
584 209 612 265 C.
630 209 729 264 PLINI

114 392 130 440 8
150 397 231 459 spes,
254 378 304 439 tot
327 374 443 460 gaudia
466 374 533 438 dies
556 395 639 438 unus
662 374 696 437 in
720 374 844 438 diversa
868 373 1034 437 convertit.
1065 372 1164 437 Modo

150 465 335 550 designatus
350 464 471 547 aedilis,
488 484 598 527 recens
612 464 756 546 maritus,
769 484 879 528 recens
897 466 989 546 pater
1007 463 1164 527 intactum

150 555 319 654 honorem,
347 553 458 617 orbam
481 557 631 634 matrem,
658 551 787 634 viduam
810 572 961 635 uxorem,
983 552 1083 615 filiam
1107 573 1164 634 pu-

149 643 303 727 pillam
295 663 504 728 rgnaramque
535 642 638 726 patris
669 641 809 724 reliquit.
787 601 994 706 tAccedit
1024 641 1165 704 lacrimis

150 734 245 815 meis,
268 731 355 815 quod
378 731 548 795 absenset
534 730 773 814 tinpendentis
796 731 874 794 mali
896 730 1023 794 nescius
1045 730 1205 814 paritera

151 843 293 907 aegrum,
314 821 435 905 pariter
458 819 630 884 decessisse
654 819 807 905 cognovi,
833 841 874 883 ne
897 819 1087 905 gravissimo
1111 818 1165 882 do-

150 912 212 974 lori
235 911 351 974 timore
380 930 628 974 consuescerem.
674 906 713 972 In
739 909 838 972 tantis
869 908 1039 975 tormentis
1069 931 1166 990 eram,

150 1022 223 1065 cum
248 998 420 1064 scriberem
442 996 530 1081 haec,
554 998 726 1063 scriberem
750 999 831 1081 sola,
853 998 1062 1080 nequeenim
1080 1019 1167 1062 nunc

41 1119 45 1126 ·
150 1089 239 1154 aliud
261 1092 318 1151 aut
341 1088 485 1172 cogitare
508 1092 564 1151 aut
587 1087 679 1170 loqui
700 1108 842 1171 possum.
879 1085 969 1150 Vale.

604 1251 711 1313 XXIV.
1181 1275 1206 1314 ro

414 1353 442 1416 C.
465 1352 604 1400 PLINIUS
629 1353 766 1400 MAXIMO
792 1353 856 1400 SUO
882 1353 907 1400 S.

116 1462 129 1509 1
216 1441 319 1507 Amor
341 1443 374 1506 in
398 1447 430 1507 te
453 1464 544 1507 meus
568 1443 665 1528 cogit,
686 1465 753 1507 non
775 1447 812 1506 ut
829 1443 1023 1527 praecipiam
1049 1440 1167 1528 (neque

151 1533 236 1598 enim
268 1535 473 1616 praeceptore
505 1529 605 1618 eges),
635 1532 823 1597 admoneam
856 1536 973 1616 tamen,
1004 1536 1055 1615 ut,
1085 1554 1167 1614 quae

115 1623 223 1706 escis,
255 1626 364 1686 teneas
394 1625 427 1686 et
458 1622 607 1686 observes
639 1625 695 1684 aut
722 1621 804 1685 scias
826 1621 950 1686 melius.
996 1618 1111 1706 Cogita
1134 1624 1167 1685 te

150 1713 285 1776 missum
304 1712 339 1774 in
357 1711 556 1794 provinciam
570 1708 736 1793 Achaiam,
758 1709 847 1774 illam
866 1732 974 1775 veram
994 1715 1026 1775 et
1044 1732 1165 1775 meram
1181 1738 1207 1778 15

152 1799 330 1883 Graeciam,
362 1802 396 1862 in
419 1821 482 1883 qua
504 1801 644 1884 primum
673 1800 870 1882 humanitaS,
897 1800 1038 1883 litterae,
1068 1801 1165 1864 etiam

149 1891 259 1975 fruges
278 1891 426 1953 inventae
450 1910 519 1952 esse
538 1889 719 1971 creduntur,
741 1890 875 1952 missum
894 1889 934 1952 ad
954 1889 1166 1954 ordinandum

151 1983 271 2042 statum
294 1978 467 2042 liberarum
487 1977 665 2061 civitatum,
687 1977 720 2040 id
739 1982 788 2042 est
806 1976 846 2040 ad
859 1977 1007 2043 homines
1026 1979 1166 2042 maxime

140 2067 311 2150 homines,
347 2066 388 2129 ad
415 2065 534 2130 liberos
566 2068 706 2131 maxime
739 2066 872 2149 liberos,
905 2067 961 2149 qui
988 2069 1038 2131 ius
1066 2090 1085 2131 a
1111 2089 1166 2131 na-

150 2161 223 2220 tura
246 2156 356 2219 datum
379 2155 513 2239 virtute,
536 2156 673 2238 meritis,
703 2155 854 2238 amicitia,
876 2156 1004 2220 foedere
1028 2157 1166 2239 denique
1180 2184 1207 2222 ao

116 2249 183 2311 cet
209 2244 365 2330 religione
392 2248 572 2308 tenuerunt.
633 2243 789 2309 Reverere
817 2244 998 2310 conditores
1027 2246 1103 2310 deos
1134 2250 1166 2310 et

150 2335 284 2398 numina
316 2334 467 2416 deorum,
503 2355 647 2397 reverere
679 2332 816 2418 gloriam
848 2338 989 2398 veterem
1021 2339 1054 2399 et
1083 2334 1167 2399 hano

150 2425 253 2508 ipsam
278 2426 489 2506 senectutem,
520 2444 601 2506 quae
624 2423 659 2486 in
680 2422 811 2486 homine
834 2423 1035 2507 venerabilis,
1058 2425 1092 2487 in
1115 2447 1167 2487 ur-

150 2513 245 2577 bibus
270 2534 366 2578 sacra.
409 2509 459 2575 Sit
482 2512 567 2594 apud
590 2516 622 2576 te
645 2510 750 2575 honor
772 2511 967 2595 antiquitati,
991 2514 1033 2576 sit
1056 2513 1166 2598 ingen-

150 2602 237 2666 tibus
260 2601 369 2685 factis,
397 2601 439 2665 sit
461 2601 579 2664 fabulis
608 2622 745 2683 quoque.
790 2599 884 2665 Nihil
913 2623 953 2664 ex
977 2602 1165 2686 cuiusquam
1180 2628 1206 2667 25

151 2691 322 2777 dignitate,
349 2688 433 2753 nihil
456 2712 495 2754 ex
514 2689 677 2772 libertate,
703 2689 786 2753 nihil
810 2690 906 2753 etiam
931 2712 971 2754 ex
994 2691 1166 2755 iactatione

114 2797 133 2844 4
152 2780 356 2863 decerpseris.
392 2777 485 2842 Habe
509 2782 583 2843 ante
607 2780 716 2843 oculos
740 2778 824 2842 hano
847 2800 915 2843 esse
937 2783 1065 2862 terram,
1085 2801 1166 2862 quae

151 2868 245 2932 nobis
269 2868 392 2931 miserit
415 2868 494 2949 iura,
524 2889 605 2950 quae
627 2868 715 2953 leges
738 2889 804 2931 non
827 2868 930 2950 victis,
953 2868 1009 2932 sed
1031 2870 1166 2952 petenti·

151 2956 211 3019 bus
236 2956 367 3040 dederit,
390 2954 535 3021 Athenas
559 2979 636 3040 esse,
659 2978 738 3039 quas
763 2957 870 3040 adeas,
892 2956 1165 3022 Lacedaemonem

152 3066 229 3128 esse,
243 3068 340 3128 quam
354 3067 460 3131 regas;
483 3045 600 3129 quibus
614 3046 770 3129 reliquam
785 3045 932 3110 umbram
953 3052 984 3110 et
1002 3047 1165 3111 residuum
1180 3073 1207 3113 ao

150 3133 309 3198 libertatis
332 3156 451 3199 nomen
475 3135 596 3218 eripere
620 3135 749 3218 durum,
771 3136 889 3217 ferum,
913 3136 1083 3200 barbarum
1109 3141 1166 3200 est.

223 3316 236 3363 1
267 3309 377 3364 diversa
395 3329 426 3376 a,
455 3310 517 3364 adv
538 3311 582 3375 Μ,
596 3310 634 3363 K
723 3314 742 3361 4
769 3309 954 3379 ignaramque
974 3328 1005 3375 a,
1027 3311 1088 3366 ouo
1103 3316 1165 3376 304,

150 3382 207 3452 ign.
228 3382 272 3435 avi
292 3384 355 3447 Mr,
368 3382 406 3435 K
412 3384 442 3447 I
465 3382 522 3451 ign.
543 3351 612 3464 [aii]
632 3382 670 3435 K
676 3382 718 3434 ΙΙ
810 3385 824 3432 'l
852 3380 953 3434 timore
973 3399 1004 3446 a,
1027 3383 1089 3436 Otto
1103 3387 1165 3448 304

144 3457 273 3533 tempore
290 3456 335 3519 M,
349 3455 389 3507 K.
463 3458 498 3506 14
520 3453 591 3506 scias
610 3451 710 3504 melius
732 3451 829 3506 Calan
849 3470 876 3517 a,
891 3453 929 3506 K.
935 3454 960 3517 I,
983 3453 1044 3507 Otto
1059 3458 1164 3522 304sq,

123 3522 242 3576 neser‘re
259 3494 367 3579 melius
386 3527 451 3593 Mr,
469 3525 560 3582 ΚΠ.
642 3528 675 3579 19
700 3522 818 3593 quius,
836 3523 924 3588 ΚΠ,
940 3523 1019 3589 quod
1038 3525 1083 3587 M,
1101 3526 1168 3576 KL

110 3592 153 3638 22
167 3594 293 3648 nomina
314 3599 360 3664 M,
377 3599 419 3655 K
424 3601 453 3655 I
