2506 3862
159 207 224 272 336
595 208 623 262 C.
643 210 741 263 PLINI

107 369 153 435 45
227 371 272 435 Et
304 373 426 456 priores
458 373 587 454 quidem
623 375 784 457 principes
816 377 948 456 excepto
979 379 1091 456 patre·
1113 381 1191 462 tuo,

160 465 323 545 praeterea
349 483 415 525 uno
443 466 500 526 aut
526 463 637 544 altero,
665 467 697 526 et
723 463 819 528 nimis
847 462 921 546 dixi,
945 463 1034 526 vitiis
1064 467 1189 548 potius

159 551 278 613 civium
303 572 399 634 quam
422 551 596 615 virtutibus
621 551 832 633 laetabantur,
858 552 996 635 primum
1026 554 1125 634 quod
1151 558 1190 620 in

86 674 91 681 ·
159 640 223 703 alio
247 663 305 703 sua
329 661 489 723 quemque
512 644 627 704 natura
650 640 794 724 delectat,
813 639 924 704 deinde
943 641 1030 722 quod
1050 645 1190 725 patien-

127 758 130 765 ·
158 730 257 792 tiores
285 729 447 792 servitutis
475 729 721 813 arbitrabantur,
749 751 829 812 quos
856 751 922 792 non
949 730 1077 794 deceret
1110 756 1188 800 esse
1216 763 1228 801 s

112 834 141 896 ,2
159 818 223 881 nisi
236 839 353 882 servos.
386 817 510 881 Horum
530 819 564 880 in
578 820 682 882 sinum
703 820 811 882 omnia
824 819 1049 903 congerebant,
1069 820 1188 888 bonos

161 911 268 970 autem
292 907 359 971 otio
378 927 415 970 ac
434 908 498 970 situ
517 908 681 972 abstrusos
700 912 733 971 et
752 908 843 990 quasi
861 907 1003 990 sepultos
1021 931 1094 972 non
1115 914 1188 977 nisi

160 995 374 1060 delationibus
398 999 431 1058 et
452 997 603 1078 periculis
622 998 657 1060 in
674 998 777 1061 lucem
797 1018 834 1060 ac
853 995 935 1058 diem
954 996 1187 1078 proferebant.

124 1084 209 1148 aTu
237 1085 357 1149 amicos
385 1107 424 1148 ex
452 1087 582 1169 optimis
610 1088 715 1163 sancis,
745 1090 776 1150 et
803 1083 930 1148 hercule
957 1106 1102 1167 aequum
1134 1095 1188 1154 est

162 1196 231 1238 csse
254 1195 308 1237 eos
332 1174 512 1239 carissimos
535 1175 621 1239 bono
640 1176 786 1258 principi,
805 1175 860 1257 qui
879 1174 1066 1238 mvisissimi
1087 1181 1186 1243 malo
1204 1208 1229 1247 11

159 1263 287 1326 fuerint.
318 1261 397 1345 Scis,
414 1267 452 1326 ut
470 1269 545 1327 sunt
564 1265 688 1327 diversa
705 1269 819 1327 natura
839 1263 1012 1326 dominatio
1033 1267 1068 1326 et
1087 1269 1186 1348 prin-

160 1352 293 1434 cipatus,
317 1351 362 1414 ita
385 1373 451 1416 non
474 1354 544 1417 aliis
567 1376 635 1417 esse
663 1354 840 1435 principem
867 1352 1049 1436 gratiorem,
1075 1376 1186 1436 quam

125 1441 217 1521 aqui
244 1441 383 1504 maxime
411 1442 575 1505 dominum
600 1446 779 1528 graventur.
817 1440 886 1503 Hos
914 1462 989 1525 ergo
1017 1444 1186 1523 provehis

160 1534 192 1592 et
214 1532 355 1593 ostentas
375 1531 466 1612 quasi
485 1533 646 1614 specimen
665 1535 697 1594 et
715 1530 886 1611 exempla-r,
904 1551 984 1611 quae
1003 1529 1066 1593 tibi
1086 1539 1186 1598 secta

126 1662 128 1666 s
160 1619 254 1700 vitae,
278 1619 363 1703 quod
386 1619 553 1683 hominum
577 1642 677 1704 genus
700 1621 837 1702 placeat,
861 1623 892 1680 et
915 1617 985 1680 ideo
1009 1640 1077 1681 non
1104 1644 1230 1693 cen-15

160 1730 267 1771 suram
291 1708 404 1791 adhuc,
427 1731 492 1773 non
515 1710 745 1791 praefecturam
765 1729 890 1771 morum
913 1707 1071 1789 recepisti,
1099 1714 1187 1794 quia

159 1796 219 1859 tibi
243 1797 406 1862 beneficiis
430 1799 538 1879 potius
562 1820 657 1880 quam
676 1797 823 1860 remediis
843 1796 970 1880 ingenia
988 1801 1106 1862 nostra
1127 1823 1186 1865 ex-

124 1930 127 1943 ,
160 1887 257 1968 periri
280 1887 392 1968 placet.
431 1886 474 1950 Et
496 1887 617 1970 alioqui
640 1888 746 1950 nescio
770 1909 811 1948 an
834 1884 906 1967 plus
929 1884 1074 1949 moribus
1102 1909 1186 1954 con-

160 1976 242 2037 ferat
264 1976 422 2058 princeps,
442 1976 497 2057 qui
515 1976 617 2040 bonos
642 1997 709 2039 esse
733 1977 862 2057 patitm·,
882 1995 978 2054 quam
998 1976 1055 2054 qui
1075 1981 1186 2063 cogit.

125 2062 332 2127 sFlexibiles
355 2085 590 2147 quamcumque
612 2067 647 2128 in
669 2069 791 2147 partein
817 2063 962 2125 ducimur
985 2085 1002 2124 a
1024 2065 1230 2152 principem

160 2155 265 2234 atque,
289 2157 325 2215 ut
349 2154 394 2216 ita
417 2154 530 2238 dicam,
554 2174 704 2237 sequaces
728 2174 846 2216 sumus.
883 2150 967 2214 Huic
991 2152 1078 2216 enim
1101 2159 1187 2242 cari,

124 2269 128 2276 ·
160 2240 236 2304 huic
263 2242 391 2323 probati
419 2264 487 2307 esse
518 2243 672 2325 cupimuS,
706 2241 791 2324 quod
822 2240 940 2303 frustra
972 2248 1189 2321 speraverint

161 2330 345 2413 dissimiles,
378 2353 479 2415 eoque
511 2331 657 2413 obsequii
685 2329 925 2395 continuatione
956 2332 1189 2420 pervenimus,

160 2423 197 2482 ut
229 2441 328 2502 prope
362 2441 472 2484 omnes
505 2419 679 2503 [homines]
715 2420 809 2482 unius
842 2417 982 2480 moribus
1015 2418 1186 2490 vivamus.

160 2506 260 2572 Porro
284 2530 351 2572 non
368 2512 433 2571 tam
456 2510 584 2573 sinistre
603 2510 813 2573 constitutum
834 2511 890 2588 est,
909 2510 954 2586 ut,
973 2507 1028 2587 qni
1048 2509 1186 2578 malum
1204 2544 1230 2584 aa

125 2615 141 2661 6
160 2598 336 2681 principem
351 2619 530 2680 possumus,
540 2599 660 2662 bonum
670 2619 736 2661 non
749 2596 908 2679 possimus
922 2594 1049 2657 imitari.
1070 2595 1188 2688 Perge

161 2686 266 2769 modo,
291 2683 414 2768 Caesar,
438 2691 470 2751 et
492 2689 557 2750 vim
582 2687 793 2767 effectumque
818 2704 967 2748 censurae
986 2685 1081 2748 tuum
1104 2712 1188 2771 pro.

121 2800 132 2831 :-
160 2774 311 2857 positum,
330 2776 378 2839 tui
397 2780 487 2840 actus
507 2775 706 2840 obtinebunt.
738 2773 821 2837 Nam
841 2773 906 2835 vita
925 2771 1082 2854 principis
1106 2799 1187 2845 cen-

161 2884 234 2924 sura
262 2868 310 2927 est
337 2887 437 2946 eaque
465 2870 632 2948 perpetua,
658 2865 697 2926 ad
720 2862 803 2925 hauc
826 2861 1000 2945 dirigimur,
1024 2863 1067 2925 ad
1090 2863 1189 2936 hano

162 2953 391 3034 convertimur,
418 2975 477 3017 nec
504 2958 570 3017 tam
598 2953 733 3036 imperio
762 2950 854 3014 nobis
886 2971 965 3032 opus
993 2953 1042 3012 est
1075 2975 1186 3035 quam
1203 2988 1230 3028 aa

160 3041 317 3123 exemplo.
361 3040 485 3125 Quippe
515 3043 652 3106 infidelis
681 3042 761 3105 recti
791 3039 943 3122 magister
974 3041 1023 3100 est
1056 3049 1187 3114 metus,

159 3127 276 3192 Melius
300 3129 446 3194 homines
470 3133 625 3214 exemplis
645 3131 806 3211 docentur,
827 3148 906 3209 quae
925 3126 1094 3206 inprimis
1116 3133 1189 3202 hoc

232 3310 247 3355 2
267 3320 318 3356 nec
336 3305 419 3357 nimis
439 3307 539 3359 Bcchr.
612 3312 628 3358 4
648 3305 749 3358 deinde
768 3303 841 3366 Ald,
861 3302 943 3382 K3H
953 3300 1109 3382 (diff-11).
1122 3316 1187 3380 14),

160 3376 270 3440 Barba,
281 3375 402 3441 denique
411 3378 497 3443 codd,
509 3419 513 3429 .
524 3419 529 3430 .
540 3420 544 3430 .
557 3378 678 3445 denique
688 3377 725 3430 K.
731 3376 755 3430 Ι.
799 3380 814 3426 9
825 3389 910 3424 sum1s
921 3373 954 3424 K
953 3413 957 3422 .
968 3387 1049 3453 coar,
1061 3376 1187 3449 Barba,

152 3444 230 3513 Iegis
246 3446 354 3514 Oratam,
369 3447 439 3516 KI,
454 3448 568 3518 optimis
583 3448 598 3480 *
614 3449 698 3503 KJI.
716 3479 747 3485 -
762 3443 909 3524 hercleA.¹
928 3512 934 3522 ι
961 3446 993 3494 10
1007 3444 1186 3507 mvisissimi

140 3516 287 3588 Baehcp.
295 3521 424 3589 XXIII,
434 3521 467 3576 in
476 3539 540 3578 mua
551 3522 697 3593 (superam.
706 3520 734 3588 ab
742 3516 809 3571 driu
819 3513 1024 3589 Amffllt:
1048 3520 1095 3590 ,18
1105 3521 1185 3576 alio-

130 3584 204 3651 qffl'ss
216 3591 326 3650 Baehr.
382 3602 417 3652 24
432 3596 599 3671 [homines]
610 3593 758 3661 Scbacfem
773 3592 848 3643 aaut.
857 3579 1081 3644 Klb‘mffi
1087 3584 1206 3641 Bucar,
