2506 3862
108 165 173 230 360
373 123 376 130 ¹
541 161 685 217 61166

108 324 601 409 166616666116616616166661,
625 348 720 409 quam
744 348 863 409 eorum,
891 327 947 410 qui
968 325 1121 409 parentes

109 416 317 480 habuissent?
349 413 376 479 Ο
395 420 428 479 66
446 415 588 500 dignum,
607 415 663 497 qui
682 417 720 478 (16
739 415 980 501 magistratibus
998 416 1122 479 nostris

110 527 235 588 semper
251 505 331 570 11666
349 505 476 568 nunties
494 525 553 568 666
570 505 682 587 poenis
700 505 868 587 malorum,
884 503 940 569 sed
957 505 1122 568 bonorum

75 611 90 658 3
109 595 260 679 praemiis
282 594 385 658 bonos
408 594 520 656 1661661
556 591 700 658 Accensa
720 598 769 657 est
786 595 935 657 iuventus
954 593 1122 675 erexitque

109 685 233 748 animos
257 684 297 747 ad
320 681 564 764 aemulandum,¹
577 683 663 766 quod
680 683 803 746 laudari
821 682 958 765 videbat,
977 703 1037 746 666
1055 682 1123 745 fuit
1151 707 1162 746 s

109 775 288 857 quisquam,
307 795 402 856 quem
419 792 486 835 non
503 771 582 834 haec
600 772 721 874 cogitat
689 773 753 835 atio
772 771 902 854 subiret,
921 793 994 835 cum
1012 771 1123 852 scires,

110 861 266 964 quidquid
289 884 307 924 6
331 882 457 944 quoque
480 861 515 924 in
537 860 711 943 provinciis
734 861 814 925 bene
837 861 936 944 fieret,
913 861 1068 924 tomnia
1087 864 1123 923 te

74 953 198 1016 466116
234 949 280 1015 116
281 950 395 1014 iletest
395 946 598 1034 0,(66661,66
584 951 701 1014 666166
687 954 754 1014 6616
773 949 971 1032 praesidibus
990 949 1123 1032 provin-

111 1042 232 1104 ciarum
254 1039 337 1102 hanc
359 1039 476 1102 habere
499 1037 658 1124 fiduciam,
684 1043 845 1138 paratum
860 1059 927 1103 6666
955 1039 1124 1102 sanctitati

109 1132 153 1193 et·
164 1129 338 1193 industriae
361 1150 436 1191 suae
459 1129 635 1191 maximum
655 1128 841 1212 praemium,
860 1128 1014 1191 iudicium
1033 1127 1123 1210 prin·
1138 1151 1164 1191 16

74 1219 205 1300 scipis,
233 1217 420 1302 suffragium
451 1217 614 1301 principis.
656 1216 771 1282 Adhuc
803 1220 910 1280 autem
942 1216 1124 1300 quamlibet

110 1308 233 1371 6166616
258 1310 409 1389 rectaque
435 1306 572 1391 ingenia,
600 1307 661 1370 etsi
686 1328 752 1370 non
780 1305 998 1389 detorquebat,
1024 1304 1123 1369 hebo

75 1394 199 1460 stabat
219 1399 327 1459 66111611
345 1396 469 1476 6116616,
493 1396 548 1459 sed
570 1417 645 1459 vera
663 1395 832 1478 reputatio,
855 1395 877 1477 †
901 1393 1123 1458 ε6666661611

109 1485 137 1548 si
160 1484 237 1568 quid
260 1484 477 1567 benefecero,
501 1485 580 1548 sciet
603 1481 739 1548 Caesar?
763 1487 826 1566 aut,
851 1484 878 1547 si
896 1484 1012 1565 scierit,
1030 1484 1122 1569 testi-

75 1574 254 1639 smonium
277 1573 425 1638 reddet'?
454 1571 505 1637 Ita
530 1574 639 1637 eadem
666 1574 723 1636 1116
750 1594 806 1636 666
833 1573 1036 1658 neglegentia
1064 1593 1122 1636 seu
1137 1595 1163 1636 16

109 1663 294 1748 malignitas
312 1663 504 1746 principum,
519 1683 592 1726 cum
611 1664 693 1727 male
715 1663 870 1726 consultis
884 1662 1123 1745 impunitatem,

8 1827 10 1831 Ι
107 1756 192 1816 16666
217 1751 311 1817 factis
334 1752 460 1816 nullum
485 1752 662 1834 praemium
686 1752 901 1835 polliceretur,
922 1773 982 1815 nec
1004 1751 1078 1814 illos
1103 1773 1123 1814 a

74 1841 241 1905 Sorimine
265 1839 378 1905 ethos
408 1840 586 1904 deterrebat
609 1863 628 1903 a
649 1840 752 1904 laude.
788 1839 834 1904 At
861 1862 957 1923 nunc,
984 1841 1012 1904 61
1039 1839 1122 1903 11666

109 1930 225 2012 aliquis
239 1929 437 2013 provinciam
451 1931 577 2012 rexerit,
597 1929 674 1993 huic
688 1930 832 2013 quaesita
846 1930 964 1993 virtute
979 1928 1122 2013 dignitas

109 2019 249 2082 offertur.
278 2018 371 2082 Patet
384 2019 469 2082 enim
485 2018 635 2083 omnibus
648 2019 781 2082 honoris
795 2021 827 2081 et
842 2019 963 2103 gloriae
978 2039 1121 2100 campus.
1136 2041 1163 2080 so

108 2106 160 2170 Ex
191 2107 253 2170 hoc
283 2109 431 2191 quisque,
460 2108 546 2191 quod
576 2107 752 2192 concupiit,
780 2111 869 2190 petat
896 2111 928 2170 66
955 2110 1122 2171 assecutus

111 2196 173 2259 sibi
196 2195 317 2260 debeat.
354 2195 531 2261 Provinciis
543 2217 684 2279 quoque
707 2197 741 2260 in
762 2199 928 2279 posterum
954 2198 987 2259 et
1010 2196 1122 2259 iniuri-

109 2306 200 2349 arum
215 2289 336 2349 metum
356 2288 388 2349 et
405 2285 574 2349 accusandi
593 2286 814 2350 necessitatem
833 2285 993 2349 remisisti.
1025 2283 1121 2366 Nam,

109 2375 136 2438 si
165 2375 359 2457 profuerint,
387 2374 503 2456 quibus
531 2376 650 2459 gratias
678 2375 814 2459 egerint,
842 2373 880 2436 de
907 2373 998 2437 nullo
1029 2375 1121 2455 queri

109 2467 270 2548 cogentur.
312 2463 410 2527 Decet
437 2465 581 2546 alioquin
608 2463 690 2527 nihil
713 2464 815 2548 magis
841 2462 991 2546 prodesse
1014 2462 1121 2526 candi·
1136 2488 1163 2528 16

110 2551 183 2615 (1666
217 2551 256 2614 ad
289 2555 456 2634 sequentes
488 2553 627 2616 honores
660 2574 756 2635 quam
789 2556 944 2635 peractos.
990 2549 1122 2634 Optimo

74 2641 316 2726 9.magistratus
345 2642 545 2726 magistratu,
574 2640 696 2705 honore
726 2641 831 2704 honor
859 2641 989 2724 petitur.
1034 2639 1121 2704 Volo

109 2750 178 2813 eg0,
197 2730 253 2812 qui
269 2730 467 2813 provinciam
485 2731 612 2814 rexerit,
628 2751 694 2793 non
712 2734 839 2793 tantum
857 2728 1023 2793 codicillos
1042 2729 1121 2792 ami-

110 2838 219 2880 corum
242 2839 302 2882 nec
324 2818 446 2882 urbana
469 2820 689 2884 coniuratione
712 2818 890 2882 eblanditus
917 2839 1035 2902 preces,
1064 2818 1121 2883 sed

109 2906 234 2970 decreta
264 2906 474 2992 coloniarum,
503 2908 629 2972 (1661666
656 2909 823 2973 civitatum
854 2908 978 2993 alleget.
1031 2906 1120 2971 Bene
1135 2934 1162 2974 16

109 2995 269 3080 suffragiis
288 2997 503 3061 consularium
518 2998 660 3060 virorum
677 2997 781 3079 urbes,
801 2997 923 3080 populi,
942 3000 1053 3082 gentes
1072 2996 1120 3059 in-

109 3088 265 3149 seruntur.
301 3084 571 3150 Efficacissimum
595 3108 653 3170 pro
678 3086 846 3150 candidato
875 3107 975 3171 genus
998 3088 1047 3149 est
1069 3107 1120 3149 ro-

179 3265 195 3312 6
211 3260 294 3314 scires
306 3262 342 3313 K
349 3261 391 3326 II,
401 3261 486 3315 661166
494 3263 576 3332 culp
586 3262 662 3332 [cum
672 3261 767 3332 sciret]
778 3263 879 3316 Baebr.
917 3263 1030 3315 9sanct.
1042 3276 1118 3326 suae,

108 3331 165 3384 ind
176 3333 277 3386 Baehr.
325 3337 357 3385 13
371 3301 451 3386 ritolti
461 3335 549 3387 1666116
560 3333 738 3400 coniecerunt,
753 3332 826 3385 611111
840 3333 932 3386 616666
943 3332 1064 3388 8611166116
1072 3336 1119 3398 27,

108 3403 152 3454 cui
171 3404 247 3455 rest?
268 3403 377 3456 661661
396 3404 680 3474 occubuissemus
702 3406 812 3459 6616616
829 3405 934 3458 subesse
950 3405 1082 3472 66661661.

92 3477 129 3523 21
144 3474 281 3545 concupii
282 3476 339 3545 tm
356 3475 576 3548 cupiitBVW,
590 3475 712 3547 cupito,
720 3477 780 3530 edd.
833 3479 869 3528 ‘lo
882 3474 1119 3540 11666611666661,

76 3542 156 3610 KJ,
173 3587 180 3599 ·
198 3588 230 3603 ··
251 3518 418 3623 etalioqni
439 3553 481 3610 K.
488 3554 562 3624 Π,.
578 3551 636 3608 ,66
653 3547 786 3616 alioqum
804 3546 855 3612 (616
873 3545 961 3608 codd)
979 3545 1083 3595 166616
