2506 3862
113 217 153 281 18
545 214 573 270 C.
593 215 691 269 PLINI

110 380 175 445 isti.
220 379 321 444 Dabis
344 401 474 463 poenas,
501 401 567 443 non
590 379 661 443 dico
690 400 777 461 quas.
823 377 911 442 Dure
934 377 1052 461 fecisti,
1076 376 1124 441 in·

110 469 230 554 vidisti,
257 469 365 533 nescio
394 492 436 533 an
462 469 531 554 tibi,
560 473 644 532 certe
668 468 757 551 mihi,
784 468 840 532 sed
867 472 975 532 tamen
998 471 1030 531 et
1052 466 1122 530 tibi.

112 558 274 636 Quantum
311 580 370 623 nos
406 559 608 640 lusissemus,
643 558 838 641 risissemus,
875 556 1122 621 studuissemus!

75 647 207 713 4P0tes
235 647 419 732 apparatius
449 667 560 729 cenare
588 647 674 731 apud
701 647 830 730 multos,
857 667 1016 728 nusquam
1041 645 1123 709 hila-

110 738 186 821 rius,
210 736 396 820 simplicius,
419 736 587 800 incautius.
623 734 662 799 In
685 757 810 800 summa
833 737 976 819 experire
1000 737 1040 819 et,
1059 734 1123 797 nisi
1151 764 1164 804 5

110 831 222 912 postea
254 829 286 890 te
319 824 390 889 aliis
422 825 532 909 potius
566 825 775 907 excusaveris,
806 823 886 887 mihi
915 845 1041 909 semper
1071 846 1123 888 ex-

111 937 196 981 cusa.
242 912 331 978 Vale.

577 1025 656 1084 XVI.

376 1127 403 1175 c.
427 1126 565 1174 emmas
589 1124 718 1173 ERUOIO
742 1124 808 1173 suo
832 1125 859 1172 s.

77 1235 91 1282 1
176 1216 337 1282 Amabam
346 1217 537 1300 Pompeium
548 1214 765 1298 Saturninum,
779 1216 866 1280 hunc
880 1216 951 1279 dico
966 1218 1122 1299 nostrum,
1138 1245 1166 1286 10

109 1306 344 1389 laudabamque
372 1307 440 1370 eius
470 1306 645 1390 ingenium,
673 1306 770 1369 etiam
798 1308 971 1387 antequam
998 1304 1122 1387 scirem,

111 1418 207 1478 quarn
235 1396 369 1478 varium,
398 1417 493 1478 quam
524 1393 673 1475 flexibile,
701 1415 796 1477 quam
827 1393 998 1477 multiplex
1025 1397 1122 1476 esset3

74 1502 196 1549 cnunc
223 1504 300 1548 vero
327 1488 433 1548 totum
460 1504 512 1546 me
539 1486 640 1565 tenet,
667 1482 778 1567 habet,
805 1483 955 1567 possidet.
1001 1479 1123 1545 Audivi

111 1594 222 1637 causas
249 1577 397 1658 agentem
426 1573 541 1637 acriter
568 1575 600 1636 et
626 1571 773 1636 ardenter
800 1591 859 1635 nec
886 1572 992 1636 minus
1020 1572 1122 1654 polite

111 1666 144 1726 et
167 1665 286 1745 ornate,
310 1663 376 1726 sive
397 1661 550 1726 meditata
574 1661 640 1726 sive
664 1660 770 1724 subita
791 1661 956 1743 proferret.
992 1657 1123 1725 Adsunt
1138 1691 1165 1730 15

110 1755 203 1837 aptae
227 1751 418 1834 crebraeque
441 1751 629 1834 sententiae,
652 1750 758 1835 gravis
782 1754 814 1813 et
837 1749 951 1814 decora
979 1753 1122 1813 constru-

110 1841 185 1922 ctio,
209 1841 356 1904 sonantia
378 1840 476 1904 verba
494 1843 527 1904 et
549 1840 689 1922 antiqua.
727 1835 842 1902 Omnia
858 1838 939 1901 haec
956 1840 1036 1902 mire
1055 1839 1122 1921 pla-

111 1932 192 2010 cent,
216 1949 288 1991 cum
307 1930 431 2011 impetu
449 1928 588 2010 quodam
611 1932 644 1992 et
661 1928 793 1991 flumine
811 1926 1037 2011 pervehuntur,
1055 1927 1122 2010 pla-

74 2035 91 2082 3
111 2020 193 2099 cent,
216 2018 243 2080 si
265 2019 485 2080 retractentur.
523 2014 646 2082 Senties
671 2017 757 2099 quod
780 2037 849 2101 ego,
868 2036 941 2080 cum
960 2016 1121 2080 orationes

111 2106 178 2169 eius
202 2105 236 2168 in
258 2126 372 2168 manus
395 2105 578 2189 sumpseris,
598 2127 676 2188 quas
694 2105 789 2170 facile
813 2105 945 2170 cuilibet
966 2108 1121 2188 veterum,
1136 2137 1165 2176 20

74 2211 92 2259 4
111 2215 249 2277 quorum
273 2196 322 2256 est
344 2194 498 2276 aemulus,
521 2194 729 2276 comparabis.
774 2193 862 2258 Idem
885 2198 994 2258 tamen
1017 2194 1051 2256 in
1073 2194 1121 2257 hi-

111 2284 210 2346 storia
232 2282 335 2367 magis
359 2281 534 2346 satisfaciet
556 2283 609 2346 vel
631 2282 786 2346 brevitate
809 2284 861 2347 vel
882 2283 954 2346 luce
976 2284 1028 2346 vel
1051 2304 1121 2346 sua·

109 2372 209 2435 vitate
245 2371 298 2434 vel
334 2370 502 2453 splendore
540 2371 636 2434 etiam
669 2374 701 2434 et
733 2372 930 2435 sublimitate
962 2370 1120 2434 narrandi.

109 2459 195 2525 Nam
227 2460 262 2524 in
293 2459 498 2524 contionibus
529 2459 638 2523 eadem
669 2481 750 2542 quae
780 2461 814 2523 in
844 2459 1043 2524 orationibus
1071 2460 1120 2524 ris

110 2553 168 2632 est,
199 2549 339 2632 pressior
370 2552 478 2612 tamen
510 2552 542 2612 et
574 2549 844 2632 circumscriptior
879 2552 911 2612 et
943 2548 1119 2612 adductior.
1135 2580 1164 2620 25

74 2653 91 2702 1
110 2637 279 2701 Praeterea
305 2637 383 2701 facit
408 2659 532 2720 versus,
555 2637 665 2721 quales
689 2634 832 2701 Catullus
858 2641 914 2699 aut
937 2635 1062 2720 Calvus,
1085 2660 1120 2701 re

109 2747 184 2789 vera
208 2727 317 2808 quales
339 2724 483 2790 Catullus
507 2730 539 2790 et
558 2724 681 2789 Calvus.
719 2724 880 2801 Quantum
904 2725 968 2790 illis
990 2727 1119 2811 leporis,

110 2813 297 2897 dulcedinis
319 2814 550 2899 amaritudinis,
573 2815 703 2880 amorisl
726 2815 838 2879 inserit
860 2836 944 2898 sane,
968 2815 1022 2879 sed
1046 2814 1121 2878 data

111 2925 217 2988 opera,
236 2904 388 2968 mollibus
405 2903 594 2986 levibusque
609 2903 809 2967 duriusculos
828 2905 993 2987 quosdam,
1007 2907 1038 2967 et
1056 2902 1120 2967 hoc

73 3007 90 3056 6
111 2993 203 3075 quasi
222 2989 367 3055 Catullus
386 2995 442 3056 aut
461 2989 585 3055 Calvus.
621 2990 716 3076 Legit
733 2992 813 3055 mihi
831 3015 934 3076 nuper
956 2992 1120 3077 epistulas,
1134 3023 1164 3064 30

184 3154 217 3202 13
245 3148 324 3202 audii
347 3150 384 3215 F,
403 3148 468 3202 K.I
486 3151 625 3202 1111113
648 3148 736 3213 Rieu,
764 3147 831 3200 audi
853 3149 884 3203 D
906 3155 938 3203 at
964 3149 1072 3202 Vra7
1095 3157 1121 3205 et

114 3221 158 3275 VI
168 3225 251 3287 11.1,
271 3221 365 3288 MDp
384 3221 428 3275 VI
437 3223 481 3273 21.
491 3222 523 3284 2,
546 3235 588 3286 pr
608 3220 669 3273 VII
677 3222 722 3272 24.
732 3222 761 3284 5,
784 3237 803 3272 a
822 3221 871 3272 IX
884 3224 926 3274 13.
940 3224 984 3274 25.
1028 3221 1069 3288 Of.
1084 3222 1124 3275 11

109 3295 153 3346 14.
169 3297 211 3347 10.
271 3296 303 3345 16
319 3292 404 3360 aptae
418 3291 525 3358 Fpru,
539 3290 625 3356 ΚΠ,
645 3291 743 3342 acutae
758 3291 823 3356 Dc,
842 3292 911 3345 K.I.
970 3297 1005 3345 24
1019 3291 1121 3346 eadem

109 3377 183 3430 quae
200 3362 231 3416 in
250 3378 288 3416 or.
308 3362 349 3415 vis
368 3363 477 3427 Dran,
495 3362 565 3415 K.I
580 3364 726 3429 (111114),
744 3359 819 3414 idem
838 3362 886 3430 qui
902 3362 932 3415 in
947 3379 984 3416 or.
1000 3363 1077 3418 thc.
1088 3381 1121 3433 p,

108 3430 196 3501 ΚΠ,
213 3433 290 3487 idern
304 3433 354 3502 qui
367 3433 397 3486 in
412 3449 450 3486 or.
466 3431 523 3486 suis
537 3433 574 3498 F,
591 3431 652 3486 Otto
664 3434 727 3486 296.
787 3437 820 3484 25
838 3433 934 3487 tamen
948 3434 1057 3501 Dpra,
1071 3436 1121 3503 K,

107 3504 220 3559 tantum
237 3507 269 3560 F
280 3506 366 3572 Rica,
383 3504 452 3560 Otto.
525 3508 558 3557 26
577 3517 674 3555 revera
693 3500 790 3570 quales
810 3501 935 3557 Catullus
954 3506 1003 3558 aut
1017 3503 1120 3560 Calvus

106 3575 173 3631 aaa.
182 3584 248 3647 post
266 3575 366 3632 Calvus
381 3577 420 3644 D,
434 3574 517 3628 ΚΠ
526 3574 711 3641 0fl1117.20,
726 3573 812 3628 1119.
822 3578 873 3642 37;
888 3576 957 3644 disp.
968 3576 989 3629 I
994 3592 1025 3645 p.
1036 3582 1071 3630 14
1079 3594 1121 3646 eq.
