<?xml version="1.0" encoding="UTF-8"?>
<!DOCTYPE html PUBLIC "-//W3C//DTD XHTML 1.0 Transitional//EN"
    "http://www.w3.org/TR/xhtml1/DTD/xhtml1-transitional.dtd">
<html xmlns="http://www.w3.org/1999/xhtml" xml:lang="en" lang="en">
 <head>
  <title>
</title>
<meta http-equiv="Content-Type" content="text/html;charset=utf-8" />
  <meta name='ocr-system' content='tesseract 3.04.00' />
  <meta name='ocr-capabilities' content='ocr_page ocr_carea ocr_par ocr_line ocrx_word'/>
</head>
<body>
  <div class='ocr_page' id='page_1' title='image "./cplinicaecilise04plingoog_0273.png"; bbox 0 0 2506 3862; ppageno 0'>
   <div class='ocr_carea' id='block_1_1' title="bbox 137 215 835 282">
    <p class='ocr_par' dir='ltr' id='par_1_1' title="bbox 137 215 835 282">
     <span class='ocr_line' id='line_1_1' title="bbox 137 215 835 282; baseline 0.001 -12"><span class='ocrx_word' id='word_1_1' title='bbox 137 217 203 282; x_wconf 81' lang='grc'>260</span> <span class='ocrx_word' id='word_1_2' title='bbox 455 215 483 271; x_wconf 84' lang='lat'>0.</span> <span class='ocrx_word' id='word_1_3' title='bbox 502 215 600 270; x_wconf 86' lang='lat' dir='ltr'><strong>PLINI</strong></span> <span class='ocrx_word' id='word_1_4' title='bbox 618 215 665 271; x_wconf 82' lang='lat' dir='ltr'>ET</span> <span class='ocrx_word' id='word_1_5' title='bbox 684 215 835 271; x_wconf 81' lang='lat' dir='ltr'><strong>TRAIANI</strong></span> 
     </span>
    </p>
   </div>
   <div class='ocr_carea' id='block_1_2' title="bbox 136 380 1195 1002">
    <p class='ocr_par' dir='ltr' id='par_1_2' title="bbox 136 380 1195 1002">
     <span class='ocr_line' id='line_1_2' title="bbox 136 380 1153 464; baseline 0.001 -20"><span class='ocrx_word' id='word_1_6' title='bbox 136 403 243 445; x_wconf 91' lang='lat' dir='ltr'>remus</span> <span class='ocrx_word' id='word_1_7' title='bbox 266 380 301 445; x_wconf 94' lang='lat' dir='ltr'>in</span> <span class='ocrx_word' id='word_1_8' title='bbox 324 403 361 445; x_wconf 88' lang='lat' dir='ltr'>ea</span> <span class='ocrx_word' id='word_1_9' title='bbox 384 380 622 463; x_wconf 89' lang='lat' dir='ltr'>consuetudine,</span> <span class='ocrx_word' id='word_1_10' title='bbox 646 401 727 463; x_wconf 91' lang='lat' dir='ltr'>quae</span> <span class='ocrx_word' id='word_1_11' title='bbox 749 380 804 445; x_wconf 89' lang='lat' dir='ltr'>isti</span> <span class='ocrx_word' id='word_1_12' title='bbox 827 381 1010 463; x_wconf 81' lang='lat' dir='ltr'>provinciae</span> <span class='ocrx_word' id='word_1_13' title='bbox 1033 385 1091 464; x_wconf 89' lang='lat' dir='ltr'>est,</span> <span class='ocrx_word' id='word_1_14' title='bbox 1115 384 1153 445; x_wconf 95' lang='lat' dir='ltr'>ut</span> 
     </span>
     <span class='ocr_line' id='line_1_3' title="bbox 136 468 1154 554; baseline 0.002 -21"><span class='ocrx_word' id='word_1_15' title='bbox 136 492 194 553; x_wconf 88' lang='lat' dir='ltr'>per</span> <span class='ocrx_word' id='word_1_16' title='bbox 215 470 363 554; x_wconf 89' lang='lat' dir='ltr'>publicos</span> <span class='ocrx_word' id='word_1_17' title='bbox 387 491 494 534; x_wconf 87' lang='lat' dir='ltr'>servos</span> <span class='ocrx_word' id='word_1_18' title='bbox 519 469 748 534; x_wconf 68' lang='lat' dir='ltr'>custodiantur.</span> <span class='ocrx_word' id='word_1_19' title='bbox 793 468 932 553; x_wconf 82' lang='lat' dir='ltr'><strong>Etenim,</strong></span> <span class='ocrx_word' id='word_1_20' title='bbox 954 473 992 534; x_wconf 94' lang='lat' dir='ltr'>ut</span> <span class='ocrx_word' id='word_1_21' title='bbox 1014 470 1154 535; x_wconf 89' lang='lat' dir='ltr'>fideliter</span> 
     </span>
     <span class='ocr_line' id='line_1_4' title="bbox 136 558 1152 645; baseline -0.001 -22"><span class='ocrx_word' id='word_1_22' title='bbox 136 559 199 624; x_wconf 91' lang='lat' dir='ltr'>hoc</span> <span class='ocrx_word' id='word_1_23' title='bbox 220 559 349 643; x_wconf 83' lang='lat' dir='ltr'>faciant,</span> <span class='ocrx_word' id='word_1_24' title='bbox 371 559 407 623; x_wconf 94' lang='lat' dir='ltr'>in</span> <span class='ocrx_word' id='word_1_25' title='bbox 429 562 485 623; x_wconf 87' lang='lat' dir='ltr'>tua</span> <span class='ocrx_word' id='word_1_26' title='bbox 508 558 677 623; x_wconf 85' lang='lat' dir='ltr'>severitate</span> <span class='ocrx_word' id='word_1_27' title='bbox 690 580 729 624; x_wconf 91' lang='lat' dir='ltr'>ac</span> <span class='ocrx_word' id='word_1_28' title='bbox 747 558 914 645; x_wconf 77' lang='lat' dir='ltr'>diligentia</span> <span class='ocrx_word' id='word_1_29' title='bbox 931 559 1075 642; x_wconf 90' lang='lat' dir='ltr'>positum</span> <span class='ocrx_word' id='word_1_30' title='bbox 1094 562 1152 624; x_wconf 89' lang='lat' dir='ltr'>est.</span> 
     </span>
     <span class='ocr_line' id='line_1_5' title="bbox 136 645 1153 733; baseline 0 -20"><span class='ocrx_word' id='word_1_31' title='bbox 136 645 176 713; x_wconf 91' lang='lat' dir='ltr'>In</span> <span class='ocrx_word' id='word_1_32' title='bbox 196 648 308 732; x_wconf 89' lang='lat' dir='ltr'>primis</span> <span class='ocrx_word' id='word_1_33' title='bbox 328 647 422 732; x_wconf 92' lang='lat' dir='ltr'>enim,</span> <span class='ocrx_word' id='word_1_34' title='bbox 446 648 530 713; x_wconf 88' lang='lat' dir='ltr'>siout</span> <span class='ocrx_word' id='word_1_35' title='bbox 547 648 671 731; x_wconf 85' lang='lat' dir='ltr'>scribis,</span> <span class='ocrx_word' id='word_1_36' title='bbox 694 648 867 712; x_wconf 78' lang='lat' dir='ltr'>verendum</span> <span class='ocrx_word' id='word_1_37' title='bbox 886 651 944 732; x_wconf 92' lang='lat' dir='ltr'>est,</span> <span class='ocrx_word' id='word_1_38' title='bbox 966 670 1016 733; x_wconf 87' lang='lat' dir='ltr'>ne,</span> <span class='ocrx_word' id='word_1_39' title='bbox 1035 649 1063 713; x_wconf 85' lang='lat' dir='ltr'>si</span> <span class='ocrx_word' id='word_1_40' title='bbox 1081 670 1153 732; x_wconf 88' lang='lat' dir='ltr'>per·</span> 
     </span>
     <span class='ocr_line' id='line_1_6' title="bbox 136 736 1195 820; baseline 0.004 -18"><span class='ocrx_word' id='word_1_41' title='bbox 136 737 332 802; x_wconf 75' lang='lat' dir='ltr'>misceantur</span> <span class='ocrx_word' id='word_1_42' title='bbox 353 737 452 802; x_wconf 87' lang='lat' dir='ltr'>servis</span> <span class='ocrx_word' id='word_1_43' title='bbox 471 736 609 820; x_wconf 81' lang='lat' dir='ltr'>publicis</span> <span class='ocrx_word' id='word_1_44' title='bbox 628 737 756 819; x_wconf 89' lang='lat' dir='ltr'>milites,</span> <span class='ocrx_word' id='word_1_45' title='bbox 779 741 892 802; x_wconf 89' lang='lat' dir='ltr'>mutua</span> <span class='ocrx_word' id='word_1_46' title='bbox 913 737 998 801; x_wconf 91' lang='lat' dir='ltr'>inter</span> <span class='ocrx_word' id='word_1_47' title='bbox 1020 759 1054 802; x_wconf 88' lang='lat' dir='ltr'>se</span> <span class='ocrx_word' id='word_1_48' title='bbox 1071 737 1153 802; x_wconf 93' lang='lat' dir='ltr'>fidu·</span> <span class='ocrx_word' id='word_1_49' title='bbox 1182 765 1195 806; x_wconf 82' lang='lat' dir='ltr'>s</span> 
     </span>
     <span class='ocr_line' id='line_1_7' title="bbox 138 823 1153 913; baseline 0.001 -22"><span class='ocrx_word' id='word_1_50' title='bbox 138 827 186 891; x_wconf 87' lang='lat' dir='ltr'>cia</span> <span class='ocrx_word' id='word_1_51' title='bbox 212 826 468 913; x_wconf 82' lang='lat' dir='ltr'>neglegentiores</span> <span class='ocrx_word' id='word_1_52' title='bbox 500 826 574 890; x_wconf 92' lang='lat' dir='ltr'>sint.</span> <span class='ocrx_word' id='word_1_53' title='bbox 621 823 683 890; x_wconf 87' lang='lat' dir='ltr'>Sed</span> <span class='ocrx_word' id='word_1_54' title='bbox 715 829 747 890; x_wconf 88' lang='lat' dir='ltr'>et</span> <span class='ocrx_word' id='word_1_55' title='bbox 778 826 858 891; x_wconf 94' lang='lat' dir='ltr'>illud</span> <span class='ocrx_word' id='word_1_56' title='bbox 889 826 1019 890; x_wconf 86' lang='lat' dir='ltr'>haereat</span> <span class='ocrx_word' id='word_1_57' title='bbox 1047 827 1153 910; x_wconf 92' lang='lat' dir='ltr'>nobis,</span> 
     </span>
     <span class='ocr_line' id='line_1_8' title="bbox 138 915 1126 1002; baseline -0.001 -22"><span class='ocrx_word' id='word_1_58' title='bbox 138 938 235 1000; x_wconf 89' lang='lat' dir='ltr'>quam</span> <span class='ocrx_word' id='word_1_59' title='bbox 257 915 468 998; x_wconf 88' lang='lat' dir='ltr'>paucissimos</span> <span class='ocrx_word' id='word_1_60' title='bbox 492 915 611 979; x_wconf 88' lang='lat' dir='ltr'>milites</span> <span class='ocrx_word' id='word_1_61' title='bbox 633 938 653 980; x_wconf 92' lang='lat' dir='ltr'>a</span> <span class='ocrx_word' id='word_1_62' title='bbox 676 915 775 1002; x_wconf 90' lang='lat' dir='ltr'>signis</span> <span class='ocrx_word' id='word_1_63' title='bbox 800 916 979 981; x_wconf 84' lang='lat' dir='ltr'>avocandos</span> <span class='ocrx_word' id='word_1_64' title='bbox 1003 937 1080 981; x_wconf 89' lang='lat' dir='ltr'>esse.</span> <span class='ocrx_word' id='word_1_65' title='bbox 1123 965 1126 968; x_wconf 74' lang='lat'><strong>.</strong></span> 
     </span>
    </p>
   </div>
   <div class='ocr_carea' id='block_1_3' title="bbox 334 1075 955 1230">
    <p class='ocr_par' dir='ltr' id='par_1_3' title="bbox 334 1075 955 1230">
     <span class='ocr_line' id='line_1_9' title="bbox 518 1075 771 1160; baseline 0.004 -22"><span class='ocrx_word' id='word_1_66' title='bbox 518 1080 596 1138; x_wconf 84' lang='lat' dir='ltr'>mn.</span> <span class='ocrx_word' id='word_1_67' title='bbox 620 1075 771 1160; x_wconf 75' lang='lat' dir='ltr'>[xxxii]</span> 
     </span>
     <span class='ocr_line' id='line_1_10' title="bbox 334 1179 955 1230; baseline -0.003 0"><span class='ocrx_word' id='word_1_68' title='bbox 334 1181 362 1230; x_wconf 81' lang='lat' dir='ltr'>O.</span> <span class='ocrx_word' id='word_1_69' title='bbox 385 1181 525 1230; x_wconf 81' lang='lat' dir='ltr'>PLINIUS</span> <span class='ocrx_word' id='word_1_70' title='bbox 551 1181 704 1228; x_wconf 78' lang='lat' dir='ltr'><strong>TRAIANO</strong></span> <span class='ocrx_word' id='word_1_71' title='bbox 729 1179 955 1230; x_wconf 81' lang='lat' dir='ltr'><strong>IMPERATORI.</strong></span> 
     </span>
    </p>
   </div>
   <div class='ocr_carea' id='block_1_4' title="bbox 137 1270 1195 2158">
    <p class='ocr_par' dir='ltr' id='par_1_4' title="bbox 137 1270 1195 2158">
     <span class='ocr_line' id='line_1_11' title="bbox 205 1270 1195 1355; baseline 0.006 -19"><span class='ocrx_word' id='word_1_72' title='bbox 205 1270 324 1336; x_wconf 82' lang='lat' dir='ltr'>Gavius</span> <span class='ocrx_word' id='word_1_73' title='bbox 356 1270 489 1355; x_wconf 88' lang='lat' dir='ltr'>Bassus,</span> <span class='ocrx_word' id='word_1_74' title='bbox 520 1271 701 1355; x_wconf 85' lang='lat' dir='ltr'>praefectus</span> <span class='ocrx_word' id='word_1_75' title='bbox 734 1293 808 1336; x_wconf 90' lang='lat' dir='ltr'>orae</span> <span class='ocrx_word' id='word_1_76' title='bbox 839 1271 1008 1354; x_wconf 83' lang='lat' dir='ltr'>Ponticae,</span> <span class='ocrx_word' id='word_1_77' title='bbox 1041 1275 1073 1336; x_wconf 88' lang='lat' dir='ltr'>et</span> <span class='ocrx_word' id='word_1_78' title='bbox 1105 1294 1153 1336; x_wconf 90' lang='lat' dir='ltr'>re·</span> <span class='ocrx_word' id='word_1_79' title='bbox 1169 1301 1195 1341; x_wconf 84' lang='grc' dir='ltr'>ιο</span> 
     </span>
     <span class='ocr_line' id='line_1_12' title="bbox 137 1360 1154 1444; baseline 0.002 -20"><span class='ocrx_word' id='word_1_80' title='bbox 137 1360 358 1426; x_wconf 78' lang='lat' dir='ltr'>verentissime</span> <span class='ocrx_word' id='word_1_81' title='bbox 382 1364 414 1425; x_wconf 89' lang='lat' dir='ltr'>et</span> <span class='ocrx_word' id='word_1_82' title='bbox 437 1361 687 1444; x_wconf 90' lang='lat' dir='ltr'>officiosissime,</span> <span class='ocrx_word' id='word_1_83' title='bbox 710 1360 848 1443; x_wconf 90' lang='lat' dir='ltr'>domine,</span> <span class='ocrx_word' id='word_1_84' title='bbox 870 1360 959 1425; x_wconf 88' lang='lat' dir='ltr'>venit</span> <span class='ocrx_word' id='word_1_85' title='bbox 981 1361 1023 1424; x_wconf 94' lang='lat' dir='ltr'>ad</span> <span class='ocrx_word' id='word_1_86' title='bbox 1045 1383 1098 1425; x_wconf 92' lang='lat' dir='ltr'>me</span> <span class='ocrx_word' id='word_1_87' title='bbox 1121 1365 1154 1426; x_wconf 88' lang='lat' dir='ltr'>et</span> 
     </span>
     <span class='ocr_line' id='line_1_13' title="bbox 138 1450 1154 1534; baseline 0.001 -20"><span class='ocrx_word' id='word_1_88' title='bbox 138 1450 357 1532; x_wconf 87' lang='lat' dir='ltr'>compluribus</span> <span class='ocrx_word' id='word_1_89' title='bbox 386 1450 497 1515; x_wconf 88' lang='lat' dir='ltr'>diebus</span> <span class='ocrx_word' id='word_1_90' title='bbox 524 1450 587 1514; x_wconf 86' lang='lat' dir='ltr'>fuit</span> <span class='ocrx_word' id='word_1_91' title='bbox 616 1471 756 1532; x_wconf 86' lang='lat' dir='ltr'>mecum,</span> <span class='ocrx_word' id='word_1_92' title='bbox 790 1453 946 1533; x_wconf 89' lang='lat' dir='ltr'>quantum</span> <span class='ocrx_word' id='word_1_93' title='bbox 972 1450 1154 1534; x_wconf 87' lang='lat' dir='ltr'>perspicere</span> 
     </span>
     <span class='ocr_line' id='line_1_14' title="bbox 137 1537 1153 1626; baseline 0.001 -23"><span class='ocrx_word' id='word_1_94' title='bbox 137 1539 239 1623; x_wconf 90' lang='lat' dir='ltr'>potui,</span> <span class='ocrx_word' id='word_1_95' title='bbox 261 1539 312 1604; x_wconf 82' lang='lat' dir='ltr'>vir</span> <span class='ocrx_word' id='word_1_96' title='bbox 329 1540 476 1626; x_wconf 86' lang='lat' dir='ltr'>egregius</span> <span class='ocrx_word' id='word_1_97' title='bbox 500 1543 533 1604; x_wconf 92' lang='lat' dir='ltr'>et</span> <span class='ocrx_word' id='word_1_98' title='bbox 554 1538 755 1624; x_wconf 85' lang='lat' dir='ltr'>indulgentia</span> <span class='ocrx_word' id='word_1_99' title='bbox 777 1541 834 1602; x_wconf 88' lang='lat' dir='ltr'>tua</span> <span class='ocrx_word' id='word_1_100' title='bbox 856 1539 980 1624; x_wconf 83' lang='lat' dir='ltr'>dignus.</span> <span class='ocrx_word' id='word_1_101' title='bbox 1014 1537 1074 1604; x_wconf 82' lang='lat' dir='ltr'>Oui</span> <span class='ocrx_word' id='word_1_102' title='bbox 1092 1561 1153 1626; x_wconf 87' lang='lat' dir='ltr'>ego</span> 
     </span>
     <span class='ocr_line' id='line_1_15' title="bbox 137 1628 1153 1713; baseline 0.002 -21"><span class='ocrx_word' id='word_1_103' title='bbox 137 1632 251 1693; x_wconf 90' lang='lat' dir='ltr'>notum</span> <span class='ocrx_word' id='word_1_104' title='bbox 278 1629 341 1694; x_wconf 85' lang='lat' dir='ltr'>feci</span> <span class='ocrx_word' id='word_1_105' title='bbox 367 1628 567 1713; x_wconf 85' lang='lat' dir='ltr'>praecepisse</span> <span class='ocrx_word' id='word_1_106' title='bbox 594 1632 640 1711; x_wconf 88' lang='lat' dir='ltr'>te,</span> <span class='ocrx_word' id='word_1_107' title='bbox 670 1630 709 1691; x_wconf 87' lang='lat' dir='ltr'>ut</span> <span class='ocrx_word' id='word_1_108' title='bbox 738 1648 777 1691; x_wconf 83' lang='lat' dir='ltr'>ex</span> <span class='ocrx_word' id='word_1_109' title='bbox 801 1628 1002 1712; x_wconf 82' lang='lat' dir='ltr'>cohortibus,</span> <span class='ocrx_word' id='word_1_110' title='bbox 1035 1629 1153 1713; x_wconf 88' lang='lat' dir='ltr'>quibus</span> 
     </span>
     <span class='ocr_line' id='line_1_16' title="bbox 137 1717 1195 1802; baseline 0.006 -21"><span class='ocrx_word' id='word_1_111' title='bbox 137 1739 189 1781; x_wconf 92' lang='lat' dir='ltr'>me</span> <span class='ocrx_word' id='word_1_112' title='bbox 203 1739 349 1802; x_wconf 88' lang='lat' dir='ltr'>praeesse</span> <span class='ocrx_word' id='word_1_113' title='bbox 362 1717 504 1801; x_wconf 88' lang='lat' dir='ltr'>voluisti,</span> <span class='ocrx_word' id='word_1_114' title='bbox 523 1719 691 1782; x_wconf 88' lang='lat' dir='ltr'>contentus</span> <span class='ocrx_word' id='word_1_115' title='bbox 706 1720 790 1781; x_wconf 88' lang='lat' dir='ltr'>esset</span> <span class='ocrx_word' id='word_1_116' title='bbox 804 1717 1014 1782; x_wconf 88' lang='lat' dir='ltr'>beneficiariis</span> <span class='ocrx_word' id='word_1_117' title='bbox 1034 1718 1154 1802; x_wconf 90' lang='lat' dir='ltr'>decem,</span> <span class='ocrx_word' id='word_1_118' title='bbox 1169 1746 1195 1787; x_wconf 66' lang='grc' dir='ltr'>ιε</span> 
     </span>
     <span class='ocr_line' id='line_1_17' title="bbox 138 1805 1153 1891; baseline 0.002 -21"><span class='ocrx_word' id='word_1_119' title='bbox 138 1807 300 1890; x_wconf 89' lang='lat' dir='ltr'>equitibus</span> <span class='ocrx_word' id='word_1_120' title='bbox 325 1807 459 1891; x_wconf 84' lang='lat' dir='ltr'>duobus,</span> <span class='ocrx_word' id='word_1_121' title='bbox 483 1807 667 1871; x_wconf 87' lang='lat' dir='ltr'>centurione</span> <span class='ocrx_word' id='word_1_122' title='bbox 689 1827 763 1870; x_wconf 89' lang='lat' dir='ltr'>uno.</span> <span class='ocrx_word' id='word_1_123' title='bbox 795 1805 976 1890; x_wconf 86' lang='lat' dir='ltr'>Respondit</span> <span class='ocrx_word' id='word_1_124' title='bbox 998 1829 1065 1870; x_wconf 95' lang='lat' dir='ltr'>non</span> <span class='ocrx_word' id='word_1_125' title='bbox 1088 1807 1153 1872; x_wconf 85' lang='lat' dir='ltr'>suf·</span> 
     </span>
     <span class='ocr_line' id='line_1_18' title="bbox 137 1895 1154 1979; baseline 0.002 -20"><span class='ocrx_word' id='word_1_126' title='bbox 137 1896 232 1960; x_wconf 90' lang='lat' dir='ltr'>ficere</span> <span class='ocrx_word' id='word_1_127' title='bbox 255 1896 317 1961; x_wconf 92' lang='lat' dir='ltr'>sibi</span> <span class='ocrx_word' id='word_1_128' title='bbox 346 1896 433 1960; x_wconf 92' lang='lat' dir='ltr'>hunc</span> <span class='ocrx_word' id='word_1_129' title='bbox 460 1918 643 1979; x_wconf 89' lang='lat' dir='ltr'>numerum,</span> <span class='ocrx_word' id='word_1_130' title='bbox 674 1895 770 1978; x_wconf 91' lang='lat' dir='ltr'>idque</span> <span class='ocrx_word' id='word_1_131' title='bbox 799 1917 832 1960; x_wconf 92' lang='lat' dir='ltr'>se</span> <span class='ocrx_word' id='word_1_132' title='bbox 860 1896 1055 1979; x_wconf 90' lang='lat' dir='ltr'>scripturum</span> <span class='ocrx_word' id='word_1_133' title='bbox 1083 1897 1154 1961; x_wconf 91' lang='lat' dir='ltr'>tibi.</span> 
     </span>
     <span class='ocr_line' id='line_1_19' title="bbox 138 1983 1154 2069; baseline 0.003 -22"><span class='ocrx_word' id='word_1_134' title='bbox 138 1983 211 2049; x_wconf 91' lang='lat' dir='ltr'>Hoc</span> <span class='ocrx_word' id='word_1_135' title='bbox 232 1985 268 2049; x_wconf 94' lang='lat' dir='ltr'>in</span> <span class='ocrx_word' id='word_1_136' title='bbox 291 2007 385 2050; x_wconf 85' lang='lat' dir='ltr'>causa</span> <span class='ocrx_word' id='word_1_137' title='bbox 407 1985 478 2069; x_wconf 87' lang='lat' dir='ltr'>fuit,</span> <span class='ocrx_word' id='word_1_138' title='bbox 502 2006 565 2069; x_wconf 88' lang='lat' dir='ltr'>quo</span> <span class='ocrx_word' id='word_1_139' title='bbox 589 1985 695 2049; x_wconf 90' lang='lat' dir='ltr'>minus</span> <span class='ocrx_word' id='word_1_140' title='bbox 719 1985 830 2049; x_wconf 87' lang='lat' dir='ltr'>statim</span> <span class='ocrx_word' id='word_1_141' title='bbox 847 1985 1042 2050; x_wconf 78' lang='lat' dir='ltr'>revocandos</span> <span class='ocrx_word' id='word_1_142' title='bbox 1061 1989 1154 2068; x_wconf 88' lang='lat' dir='ltr'>puta·</span> 
     </span>
     <span class='ocr_line' id='line_1_20' title="bbox 138 2074 761 2158; baseline 0.002 -21"><span class='ocrx_word' id='word_1_143' title='bbox 138 2095 216 2157; x_wconf 90' lang='lat' dir='ltr'>rem,</span> <span class='ocrx_word' id='word_1_144' title='bbox 240 2096 320 2158; x_wconf 92' lang='lat' dir='ltr'>quos</span> <span class='ocrx_word' id='word_1_145' title='bbox 342 2074 441 2139; x_wconf 85' lang='lat' dir='ltr'>habet</span> <span class='ocrx_word' id='word_1_146' title='bbox 464 2096 560 2157; x_wconf 88' lang='lat' dir='ltr'>supra</span> <span class='ocrx_word' id='word_1_147' title='bbox 582 2096 761 2138; x_wconf 91' lang='lat' dir='ltr'>numerum.</span> 
     </span>
    </p>
   </div>
   <div class='ocr_carea' id='block_1_5' title="bbox 485 2233 1196 2389">
    <p class='ocr_par' dir='ltr' id='par_1_5' title="bbox 485 2233 1196 2389">
     <span class='ocr_line' id='line_1_21' title="bbox 502 2233 1196 2319; baseline 0.009 -22"><span class='ocrx_word' id='word_1_148' title='bbox 502 2238 595 2297; x_wconf 83' lang='lat' dir='ltr'>xxn.</span> <span class='ocrx_word' id='word_1_149' title='bbox 620 2233 787 2319; x_wconf 78' lang='lat' dir='ltr'>[xxxin]</span> <span class='ocrx_word' id='word_1_150' title='bbox 1169 2263 1196 2303; x_wconf 62' lang='grc' dir='ltr'><strong>ω</strong></span> 
     </span>
     <span class='ocr_line' id='line_1_22' title="bbox 485 2339 810 2389; baseline 0.006 -3"><span class='ocrx_word' id='word_1_151' title='bbox 485 2339 656 2389; x_wconf 78' lang='lat' dir='ltr'><strong>TRAIANUS</strong></span> <span class='ocrx_word' id='word_1_152' title='bbox 680 2339 810 2388; x_wconf 83' lang='lat' dir='ltr'><strong>PLINIO.</strong></span> 
     </span>
    </p>
   </div>
   <div class='ocr_carea' id='block_1_6' title="bbox 139 2427 1196 3051">
    <p class='ocr_par' dir='ltr' id='par_1_6' title="bbox 139 2427 1196 3051">
     <span class='ocr_line' id='line_1_23' title="bbox 204 2427 1155 2513; baseline 0.001 -19"><span class='ocrx_word' id='word_1_153' title='bbox 204 2429 249 2494; x_wconf 83' lang='lat' dir='ltr'>Et</span> <span class='ocrx_word' id='word_1_154' title='bbox 276 2430 357 2494; x_wconf 92' lang='lat' dir='ltr'>mihi</span> <span class='ocrx_word' id='word_1_155' title='bbox 384 2429 514 2513; x_wconf 89' lang='lat' dir='ltr'>scripsit</span> <span class='ocrx_word' id='word_1_156' title='bbox 542 2427 659 2495; x_wconf 77' lang='lat' dir='ltr'>Gavius</span> <span class='ocrx_word' id='word_1_157' title='bbox 683 2429 803 2494; x_wconf 89' lang='lat' dir='ltr'>Bassus</span> <span class='ocrx_word' id='word_1_158' title='bbox 832 2452 899 2495; x_wconf 92' lang='lat' dir='ltr'>non</span> <span class='ocrx_word' id='word_1_159' title='bbox 920 2431 1068 2495; x_wconf 86' lang='lat' dir='ltr'>sufficere</span> <span class='ocrx_word' id='word_1_160' title='bbox 1092 2431 1155 2496; x_wconf 88' lang='lat' dir='ltr'>sibi</span> 
     </span>
     <span class='ocr_line' id='line_1_24' title="bbox 139 2519 1154 2602; baseline 0.002 -19"><span class='ocrx_word' id='word_1_161' title='bbox 139 2541 212 2584; x_wconf 90' lang='lat' dir='ltr'>eum</span> <span class='ocrx_word' id='word_1_162' title='bbox 235 2519 377 2584; x_wconf 90' lang='lat' dir='ltr'>militum</span> <span class='ocrx_word' id='word_1_163' title='bbox 399 2540 583 2602; x_wconf 91' lang='lat' dir='ltr'>numerum,</span> <span class='ocrx_word' id='word_1_164' title='bbox 616 2520 671 2602; x_wconf 93' lang='lat' dir='ltr'>qui</span> <span class='ocrx_word' id='word_1_165' title='bbox 693 2523 731 2583; x_wconf 92' lang='lat' dir='ltr'>ut</span> <span class='ocrx_word' id='word_1_166' title='bbox 754 2520 884 2584; x_wconf 88' lang='lat' dir='ltr'>daretur</span> <span class='ocrx_word' id='word_1_167' title='bbox 904 2519 967 2600; x_wconf 89' lang='lat' dir='ltr'>illi,</span> <span class='ocrx_word' id='word_1_168' title='bbox 994 2520 1154 2586; x_wconf 88' lang='lat' dir='ltr'>mandatis</span> 
     </span>
     <span class='ocr_line' id='line_1_25' title="bbox 139 2605 1155 2693; baseline 0.001 -20"><span class='ocrx_word' id='word_1_169' title='bbox 139 2609 218 2673; x_wconf 88' lang='lat' dir='ltr'>meis</span> <span class='ocrx_word' id='word_1_170' title='bbox 242 2610 429 2692; x_wconf 86' lang='lat' dir='ltr'>complexus</span> <span class='ocrx_word' id='word_1_171' title='bbox 454 2630 533 2672; x_wconf 92' lang='lat' dir='ltr'>sum.</span> <span class='ocrx_word' id='word_1_172' title='bbox 580 2605 639 2672; x_wconf 79' lang='lat' dir='ltr'>Cui</span> <span class='ocrx_word' id='word_1_173' title='bbox 663 2630 744 2692; x_wconf 87' lang='lat' dir='ltr'>quae</span> <span class='ocrx_word' id='word_1_174' title='bbox 767 2609 1016 2693; x_wconf 86' lang='lat' dir='ltr'>rescripsissem,</span> <span class='ocrx_word' id='word_1_175' title='bbox 1038 2612 1076 2674; x_wconf 88' lang='lat' dir='ltr'>ut</span> <span class='ocrx_word' id='word_1_176' title='bbox 1097 2631 1155 2674; x_wconf 92' lang='lat' dir='ltr'>no-</span> 
     </span>
     <span class='ocr_line' id='line_1_26' title="bbox 139 2697 1196 2781; baseline 0.006 -20"><span class='ocrx_word' id='word_1_177' title='bbox 139 2700 209 2761; x_wconf 90' lang='lat' dir='ltr'>tum</span> <span class='ocrx_word' id='word_1_178' title='bbox 231 2698 375 2781; x_wconf 87' lang='lat' dir='ltr'>haberes,</span> <span class='ocrx_word' id='word_1_179' title='bbox 397 2697 449 2761; x_wconf 83' lang='lat' dir='ltr'>liis</span> <span class='ocrx_word' id='word_1_180' title='bbox 471 2697 587 2762; x_wconf 89' lang='lat' dir='ltr'>litteris</span> <span class='ocrx_word' id='word_1_181' title='bbox 612 2697 716 2762; x_wconf 92' lang='lat' dir='ltr'>subici</span> <span class='ocrx_word' id='word_1_182' title='bbox 738 2698 825 2762; x_wconf 88' lang='lat' dir='ltr'>iussi.</span> <span class='ocrx_word' id='word_1_183' title='bbox 862 2697 1002 2762; x_wconf 88' lang='lat' dir='ltr'>Multum</span> <span class='ocrx_word' id='word_1_184' title='bbox 1020 2698 1155 2764; x_wconf 86' lang='lat' dir='ltr'>interest</span> <span class='ocrx_word' id='word_1_185' title='bbox 1169 2725 1196 2767; x_wconf 77' lang='lat' dir='ltr'>as</span> 
     </span>
     <span class='ocr_line' id='line_1_27' title="bbox 139 2786 1154 2869; baseline 0.002 -19"><span class='ocrx_word' id='word_1_186' title='bbox 139 2786 162 2867; x_wconf 88' lang='lat'><strong>†</strong></span> <span class='ocrx_word' id='word_1_187' title='bbox 185 2790 217 2851; x_wconf 90' lang='lat' dir='ltr'>te</span> <span class='ocrx_word' id='word_1_188' title='bbox 239 2789 352 2869; x_wconf 88' lang='lat' dir='ltr'>poscat</span> <span class='ocrx_word' id='word_1_189' title='bbox 375 2809 416 2851; x_wconf 89' lang='lat' dir='ltr'>an</span> <span class='ocrx_word' id='word_1_190' title='bbox 438 2786 584 2851; x_wconf 90' lang='lat' dir='ltr'>homines</span> <span class='ocrx_word' id='word_1_191' title='bbox 607 2786 642 2849; x_wconf 94' lang='lat' dir='ltr'>in</span> <span class='ocrx_word' id='word_1_192' title='bbox 665 2808 698 2850; x_wconf 94' lang='lat' dir='ltr'>se</span> <span class='ocrx_word' id='word_1_193' title='bbox 720 2789 758 2850; x_wconf 93' lang='lat' dir='ltr'>ut</span> <span class='ocrx_word' id='word_1_194' title='bbox 779 2786 877 2850; x_wconf 87' lang='lat' dir='ltr'>latius</span> <span class='ocrx_word' id='word_1_195' title='bbox 900 2787 1009 2852; x_wconf 78' lang='lat' dir='ltr'>velint.</span> <span class='ocrx_word' id='word_1_196' title='bbox 1049 2786 1154 2853; x_wconf 92' lang='lat' dir='ltr'>Nobis</span> 
     </span>
     <span class='ocr_line' id='line_1_28' title="bbox 140 2876 1155 2960; baseline 0.005 -23"><span class='ocrx_word' id='word_1_197' title='bbox 140 2877 247 2938; x_wconf 90' lang='lat' dir='ltr'>autem</span> <span class='ocrx_word' id='word_1_198' title='bbox 270 2876 393 2940; x_wconf 85' lang='lat' dir='ltr'>utilitas</span> <span class='ocrx_word' id='word_1_199' title='bbox 417 2876 545 2940; x_wconf 90' lang='lat' dir='ltr'>demum</span> <span class='ocrx_word' id='word_1_200' title='bbox 569 2876 742 2958; x_wconf 87' lang='lat' dir='ltr'>spectanda</span> <span class='ocrx_word' id='word_1_201' title='bbox 765 2878 822 2956; x_wconf 90' lang='lat' dir='ltr'>est,</span> <span class='ocrx_word' id='word_1_202' title='bbox 845 2878 887 2959; x_wconf 90' lang='lat' dir='ltr'>et,</span> <span class='ocrx_word' id='word_1_203' title='bbox 910 2880 1066 2960; x_wconf 90' lang='lat' dir='ltr'>quantum</span> <span class='ocrx_word' id='word_1_204' title='bbox 1084 2877 1155 2942; x_wconf 89' lang='lat' dir='ltr'>fieri</span> 
     </span>
     <span class='ocr_line' id='line_1_29' title="bbox 139 2965 973 3051; baseline 0.002 -25"><span class='ocrx_word' id='word_1_205' title='bbox 139 2965 256 3047; x_wconf 90' lang='lat' dir='ltr'>potest,</span> <span class='ocrx_word' id='word_1_206' title='bbox 280 2965 463 3049; x_wconf 89' lang='lat' dir='ltr'>curandum,</span> <span class='ocrx_word' id='word_1_207' title='bbox 486 2987 526 3028; x_wconf 90' lang='lat' dir='ltr'>ne</span> <span class='ocrx_word' id='word_1_208' title='bbox 549 2965 668 3029; x_wconf 89' lang='lat' dir='ltr'>milites</span> <span class='ocrx_word' id='word_1_209' title='bbox 692 2987 711 3029; x_wconf 88' lang='lat' dir='ltr'>a</span> <span class='ocrx_word' id='word_1_210' title='bbox 734 2965 834 3051; x_wconf 88' lang='lat' dir='ltr'>signis</span> <span class='ocrx_word' id='word_1_211' title='bbox 857 2965 973 3030; x_wconf 91' lang='lat' dir='ltr'>absint.</span> 
     </span>
    </p>
   </div>
   <div class='ocr_carea' id='block_1_7' title="bbox 338 3123 1196 3283">
    <p class='ocr_par' dir='ltr' id='par_1_7' title="bbox 338 3123 1196 3283">
     <span class='ocr_line' id='line_1_30' title="bbox 499 3123 794 3209; baseline 0.003 -21"><span class='ocrx_word' id='word_1_212' title='bbox 499 3129 609 3188; x_wconf 82' lang='lat' dir='ltr'>xxm.</span> <span class='ocrx_word' id='word_1_213' title='bbox 633 3123 794 3209; x_wconf 73' lang='lat' dir='ltr'>[rimu]</span> 
     </span>
     <span class='ocr_line' id='line_1_31' title="bbox 338 3228 1196 3283; baseline 0.008 -7"><span class='ocrx_word' id='word_1_214' title='bbox 338 3228 368 3277; x_wconf 78' lang='lat' dir='ltr'>O.</span> <span class='ocrx_word' id='word_1_215' title='bbox 390 3231 530 3279; x_wconf 82' lang='lat' dir='ltr'>PLINIUS</span> <span class='ocrx_word' id='word_1_216' title='bbox 555 3231 708 3279; x_wconf 77' lang='lat' dir='ltr'><strong>TRAIANO</strong></span> <span class='ocrx_word' id='word_1_217' title='bbox 731 3231 957 3279; x_wconf 83' lang='lat' dir='ltr'><strong>IMPERATORI.</strong></span> <span class='ocrx_word' id='word_1_218' title='bbox 1168 3242 1196 3283; x_wconf 71' lang='lat'>³0</span> 
     </span>
    </p>
   </div>
   <div class='ocr_carea' id='block_1_8' title="bbox 106 3318 1156 3496">
    <p class='ocr_par' dir='ltr' id='par_1_8' title="bbox 106 3318 1156 3496">
     <span class='ocr_line' id='line_1_32' title="bbox 106 3318 1156 3405; baseline 0.003 -21"><span class='ocrx_word' id='word_1_219' title='bbox 106 3335 120 3384; x_wconf 90' lang='lat'>1</span> <span class='ocrx_word' id='word_1_220' title='bbox 207 3318 390 3401; x_wconf 84' lang='lat' dir='ltr'>Prusenses,</span> <span class='ocrx_word' id='word_1_221' title='bbox 413 3320 550 3405; x_wconf 90' lang='lat' dir='ltr'>domine,</span> <span class='ocrx_word' id='word_1_222' title='bbox 569 3321 731 3385; x_wconf 88' lang='lat' dir='ltr'>balineum</span> <span class='ocrx_word' id='word_1_223' title='bbox 749 3321 870 3386; x_wconf 86' lang='lat' dir='ltr'>habent</span> <span class='ocrx_word' id='word_1_224' title='bbox 889 3325 921 3386; x_wconf 93' lang='lat' dir='ltr'>et</span> <span class='ocrx_word' id='word_1_225' title='bbox 940 3322 1103 3386; x_wconf 86' lang='lat' dir='ltr'>sordidum</span> <span class='ocrx_word' id='word_1_226' title='bbox 1123 3325 1156 3387; x_wconf 89' lang='lat' dir='ltr'>et</span> 
     </span>
     <span class='ocr_line' id='line_1_33' title="bbox 141 3407 1154 3496; baseline 0.002 -23"><span class='ocrx_word' id='word_1_227' title='bbox 141 3411 243 3474; x_wconf 80' lang='lat' dir='ltr'>vetus.</span> <span class='ocrx_word' id='word_1_228' title='bbox 283 3407 322 3473; x_wconf 96' lang='lat' dir='ltr'>Id</span> <span class='ocrx_word' id='word_1_229' title='bbox 343 3409 452 3493; x_wconf 86' lang='lat' dir='ltr'>itaque</span> <span class='ocrx_word' id='word_1_230' title='bbox 475 3411 674 3496; x_wconf 85' lang='lat' dir='ltr'>indulgentia</span> <span class='ocrx_word' id='word_1_231' title='bbox 697 3413 753 3474; x_wconf 88' lang='lat' dir='ltr'>tua</span> <span class='ocrx_word' id='word_1_232' title='bbox 774 3410 942 3475; x_wconf 88' lang='lat' dir='ltr'>restituere</span> <span class='ocrx_word' id='word_1_233' title='bbox 966 3411 1154 3476; x_wconf 87' lang='lat' dir='ltr'>desiderant.</span> 
     </span>
    </p>
   </div>
   <div class='ocr_carea' id='block_1_9' title="bbox 126 3533 349 3546">
    <p class='ocr_par' dir='ltr' id='par_1_9' title="bbox 126 3533 349 3546">
     <span class='ocr_line' id='line_1_34' title="bbox 126 3533 349 3546; baseline 0.013 -4"><span class='ocrx_word' id='word_1_234' title='bbox 126 3533 349 3546; x_wconf 43' lang='lat'>*-</span> 
     </span>
    </p>
   </div>
   <div class='ocr_carea' id='block_1_10' title="bbox 181 3566 818 3680">
    <p class='ocr_par' dir='ltr' id='par_1_10' title="bbox 181 3566 818 3680">
     <span class='ocr_line' id='line_1_35' title="bbox 181 3566 818 3680; baseline 0.014 -26"><span class='ocrx_word' id='word_1_235' title='bbox 181 3605 222 3656; x_wconf 84' lang='lat'>10</span> <span class='ocrx_word' id='word_1_236' title='bbox 240 3601 358 3662; x_wconf 75' lang='lat' dir='ltr'>Gabios</span> <span class='ocrx_word' id='word_1_237' title='bbox 377 3627 405 3678; x_wconf 85' lang='lat' dir='ltr'>u,</span> <span class='ocrx_word' id='word_1_238' title='bbox 422 3566 498 3680; x_wconf 70' lang='lat' dir='ltr'>ml,</span> <span class='ocrx_word' id='word_1_239' title='bbox 519 3608 588 3667; x_wconf 80' lang='lat' dir='ltr'>item</span> <span class='ocrx_word' id='word_1_240' title='bbox 603 3611 692 3677; x_wconf 64' lang='lat'>221,</span> <span class='ocrx_word' id='word_1_241' title='bbox 710 3610 795 3664; x_wconf 86' lang='grc'><strong>86.1.</strong></span> <span class='ocrx_word' id='word_1_242' title='bbox 814 3630 818 3637; x_wconf 61' lang='grc'><strong>’</strong></span> 
     </span>
    </p>
   </div>
   <div class='ocr_carea' id='block_1_11' title="bbox 0 0 1263 3862">
    <p class='ocr_par' dir='ltr' id='par_1_11' title="bbox 0 0 1263 3862">
     <span class='ocr_line' id='line_1_36' title="bbox 0 0 1263 3862; baseline 0 0"><span class='ocrx_word' id='word_1_243' title='bbox 0 0 1263 3862; x_wconf 95' lang='lat' dir='ltr'> </span> 
     </span>
    </p>
   </div>
  </div>
 </body>
</html>
