2506 3862
143 197 186 261 94
578 195 605 250 c.
625 194 722 247 111111

108 361 247 424 sciente
270 359 356 442 vicit,
380 357 610 442 triumphavit?
647 357 820 422 Blandiens
843 357 922 421 haec
941 379 982 420 an
1004 356 1158 439 inridens,

145 471 184 512 ex
206 447 324 511 fiducia
347 449 397 512 sui
420 470 461 511 an
487 471 526 512 ex
549 450 736 530 contemptu
763 447 918 530 principis
947 446 1072 528 dixerit,
1101 445 1157 508 du-

144 538 234 602 bium
258 540 315 601 est.
352 536 453 620 Dixit,
477 536 577 600 donec
598 535 638 599 ad
657 536 860 619 supplicium,
878 536 986 600 nescio
1006 557 1048 598 an
1066 536 1156 598 inno-

109 643 125 690 9
145 647 228 710 cens,
252 630 336 690 certe
359 630 525 708 tamquam
548 625 700 688 innocens
724 623 820 687 ducta
843 628 899 688 est.
942 622 1026 700 Quin
1049 624 1157 706 etiam,

145 737 217 779 cum
251 716 285 778 in
316 714 397 778 illud
429 714 671 778 subterraneum
708 713 892 778 cubiculum
925 713 1157 796 demitteretur,
1186 736 1198 775 5

143 805 361 886 haesissetque
386 802 590 867 descendenti
613 805 708 884 stola,
732 803 829 866 vertit
857 823 889 866 se
918 823 955 865 ac
981 803 1158 887 recollegit,

145 915 282 976 cumque
305 894 488 956 cimanum
513 892 654 955 carnifex
677 891 775 974 daret,
794 894 938 955 aversata
961 895 1009 954 est
1028 894 1060 954 et
1082 891 1159 954 resi-

144 983 206 1046 luit
232 982 427 1064 foedumque
456 981 640 1066 contagium
664 981 760 1063 'quasi
788 983 883 1064 plane
906 1003 925 1043 a
948 982 1035 1043 casto
1063 1001 1159 1063 puro-

146 1093 208 1154 que
236 1092 368 1154 corpore
397 1071 572 1133 novissima
603 1070 772 1133 sanctitate
801 1069 912 1133 reiecit
944 1068 1159 1151 omnibusque

145 1161 287 1224 numeris
309 1158 442 1243 pudoris
470 1157 635 1242 ‘aollqu
661 1161 857 1242 πρόνοιαν
880 1161 994 1242 ἔσχεν
1023 1157 1158 1240 εὐσχή-
1174 1180 1200 1218 10

93 1264 126 1312 10
145 1273 226 1328 μων
248 1247 405 1312 πεσεῖνῖ
448 1237 617 1311 Praeterea
647 1245 746 1329 Celer,
777 1268 873 1329 eques
903 1245 1078 1328 Romanus,
1106 1247 1159 1309 cui

113 1332 115 1339 ’
146 1335 294 1400 Cornelia
317 1336 525 1419 obiciebatur,
549 1357 621 1400 cum
641 1336 675 1398 in
694 1336 825 1399 comitio
847 1337 946 1420 virgis
966 1334 1159 1418 caederetur,

94 1442 126 1490 11
147 1426 181 1489 in
203 1424 264 1489 hac
286 1446 364 1488 voce
386 1428 589 1508 persteterat:
627 1422 727 1500 ‘Quid
753 1425 838 1488 feci?
865 1424 948 1488 nihil
972 1424 1057 1488 feci.³
1098 1423 1158 1487 Ar-

146 1514 242 1578 debat
274 1536 349 1600 ergo
382 1513 587 1579 Domitianus
620 1516 651 1576 et
684 1504 881 1577 crudelitatis
914 1517 945 1577 et
977 1514 1157 1595 iniquitatis

145 1603 285 1667 infamia.
331 1603 456 1687 Arripit
477 1603 688 1685 Licinianum,
708 1602 794 1685 quod
812 1603 847 1664 in
865 1604 949 1688 agris
969 1603 1034 1665 suis
1053 1604 1198 1665 occul-15

145 1697 245 1757 tasset
263 1691 431 1756 Corneliae
449 1693 606 1756 libertam.
638 1689 697 1755 llle
713 1691 753 1755 ab
773 1692 822 1775 iis,
837 1693 953 1774 quibus
969 1694 1036 1770 erat
1055 1712 1158 1773 curae,

145 1785 379 1865 praemonetur,
412 1783 440 1846 si
472 1781 639 1845 comitium
672 1785 704 1845 et
736 1781 842 1866 virgas
874 1782 943 1864 pati
975 1782 1085 1862 nollet,
1118 1779 1159 1842 ad

94 1886 126 1934 12
146 1871 378 1935 confessionem
403 1871 589 1955 confugeret
617 1871 709 1953 quasi
736 1869 776 1933 ad
804 1871 944 1952 veniam3
970 1869 1056 1932 fecit.
1097 1867 1158 1932 Lo-

147 1963 239 2022 cutus
263 1962 311 2023 est
329 1981 387 2042 pro
408 1959 538 2022 absente
556 1958 737 2022 Herennius
757 1956 889 2023 Senecio
913 1960 976 2021 tale
996 1956 1158 2041 quiddam,

147 2134 301 2199 advocato
338 2136 471 2199 nuntius
511 2137 615 2200 factus
655 2157 739 2220 sum,
779 2135 964 2200 Licinianus
1005 2134 1157 2199 recessit?

95 2240 127 2288 13
148 2221 280 2288 Gratum
303 2223 366 2288 hoc
388 2223 574 2289 Domitiano
603 2224 681 2289 adeo
711 2224 849 2308 quidem,
877 2228 914 2288 ut
941 2224 1057 2311 gaudio
1085 2245 1158 2307 pro-

148 2313 276 2377 deretur
299 2313 494 2396 diceretque:
526 2311 693 2377 ‘Absolvit
711 2335 770 2377 nos
788 2313 993 2378 Licinianus!
1029 2311 1159 2377 Adiecit

148 2404 244 2467 etiam
268 2424 334 2466 non
357 2424 425 2467 esse
448 2402 656 2467 verecundiae
680 2404 747 2466 eius
771 2403 968 2486 instandum3
996 2403 1058 2485 ipsi
1081 2424 1157 2466 vero

146 2492 302 2575 permisit,
332 2492 360 2556 si
390 2514 453 2575 qua
483 2495 600 2575 posset,
631 2515 670 2557 ex
699 2492 795 2555 rebus
825 2494 891 2556 suis
919 2495 1054 2575 raperet,
1084 2494 1158 2554 ante
1173 2513 1198 2552 25

148 2604 243 2664 quam
264 2581 348 2645 bona
366 2581 615 2664 publicarentur,
634 2582 829 2664 exiliumque
848 2583 945 2645 molle
963 2582 1051 2644 velut
1068 2603 1159 2663 prae-

96 2685 128 2732 14
147 2671 249 2733 mium
282 2669 378 2733 dedit.
428 2669 480 2732 Ex
512 2692 575 2752 quo
608 2675 717 2734 tamen
748 2674 860 2753 postea
892 2670 1060 2733 clementia
1092 2669 1159 2732 divi

147 2757 273 2821 Nervae
296 2760 469 2822 translatus
494 2759 598 2822 estin
622 2757 774 2841 Siciliam,
802 2759 859 2822 ubi
880 2764 966 2821 nunc
988 2758 1159 2841 profitetur

148 2867 245 2929 seque
269 2846 307 2910 dc
329 2848 459 2911 fortuna
481 2848 733 2931 praefationibus
756 2847 906 2911 vindicat.

97 2950 129 2998 15
216 2933 324 3017 Vides,
346 2958 441 3018 quam
466 2937 678 3019 obsequenter
699 2958 829 3020 paream
852 2936 922 3018 tibi,
946 2936 1002 3018 qui
1024 2957 1090 2999 non
1109 2957 1158 3000 so·
1173 2958 1199 2997 so

148 3025 216 3086 lum
239 3045 289 3087 res
313 3025 460 3108 urbanas,
482 3048 593 3089 vemm
617 3027 714 3090 etiam
741 3025 924 3110 peregrines
952 3028 1018 3088 tam
1046 3023 1157 3088 sedulo

149 3112 264 3194 scribo,
287 3115 324 3175 ut
347 3114 443 3177 altius
469 3118 621 3198 repetam.
657 3114 702 3177 Et
730 3135 804 3178 sane
831 3114 985 3196 putabam
1013 3117 1054 3195 tc,
1083 3114 1158 3195 quia

149 3204 226 3264 tunc
249 3201 367 3284 afuisti,
389 3201 472 3266 nihil
494 3203 581 3267 aliud
605 3203 643 3267 de
661 3203 827 3267 Liciniano
851 3202 976 3266 audisse
996 3224 1091 3284 quam
1110 3225 1158 3265 re-

148 3292 290 3375 legatum
314 3290 355 3354 ob
380 3291 545 3355 incestum.
592 3289 757 3355 Summam
783 3292 868 3355 enim
895 3314 1001 3355 rerum
1029 3292 1158 3355 nuntiat

220 3435 235 3482 1
255 3401 414 3482 anemium
434 3429 538 3498 upra,
560 3431 620 3486 ooo
633 3435 740 3498 soora,
759 3447 809 3484 om.
825 3431 936 3495 mvn,
951 3431 989 3484 x.
1004 3431 1156 3498 (cupre).

150 3503 164 3550 7
184 3499 309 3553 carnifex
326 3517 441 3554 manum
458 3502 560 3570 Fpra.
633 3507 649 3554 8
669 3501 830 3570 contagium
848 3502 962 3557 FRr'cc.
973 3520 999 3566 a,
1021 3501 1081 3556 Otto
1095 3505 1157 3566 300,

70 3596 121 3636 k
149 3573 309 3625 contactum
325 3574 478 3641 MVDpr‚
493 3574 531 3627 K.
605 3578 637 3626 10
652 3575 723 3628 Fatr.
739 3573 806 3627 Hoc.
816 3577 877 3627 569.
945 3577 979 3625 20
994 3573 1156 3627 Hom220.
