2506 3862
429 218 686 273 EPISTULARUM
703 219 743 273 III
762 226 786 289 6,
807 225 829 274 ⁷.
1092 221 1135 285 65

119 382 261 448 civitatis
281 383 349 446 sine
366 382 521 465 potentia,
540 381 608 446 sine
625 382 758 467 invidia3
782 383 988 468 salutabatur,
1012 386 1136 451 coleba-

118 476 174 536 tur
196 472 399 554 multumque
422 471 457 534 in
478 471 597 535 lectulo
620 471 726 536 iacens
750 472 898 536 cubiculo
922 495 1047 558 semper
1069 497 1135 539 non

118 583 159 626 ex
181 559 312 624 fortuna
334 560 494 643 frequenti
518 559 713 624 doctissimis
732 561 933 624 sermonibus
948 562 1014 626 dies
1034 568 1136 628 trans-

118 649 242 736 igebat,
270 671 343 713 cum
372 671 391 712 a
419 648 585 714 scribendo
613 652 748 713 vacaret.
803 647 970 715 Scribebat
993 654 1134 717 carmina
1171 669 1188 717 5

90 739 242 805 emaiore
264 759 340 802 cura
363 759 457 820 quam
482 738 626 823 ingenie,
649 759 716 801 non
737 760 914 821 numquam
936 740 1055 805 iudicia
1077 741 1135 804 ho-

118 828 244 891 minum
267 827 510 891 recitationibus
534 827 763 910 experiebatur.
793 824 977 893 Novissime
995 831 1041 894 ita
1065 852 1134 894 sua·
1171 847 1187 895 6

118 916 270 981 dantibus
302 917 394 980 armis
426 917 466 980 ab
499 916 578 980 urbe
611 917 740 981 secessit
772 938 869 1000 seque
896 918 931 981 in
958 915 1134 1003 Campania

117 1005 225 1070 tenuit
248 1027 285 1069 ac
307 1027 347 1068 ne
365 1005 505 1069 adventu
524 1005 653 1087 quidem
676 1005 752 1071 novi
775 1006 929 1090 principis
952 1006 1026 1071 inde
1049 1029 1134 1073 com-

117 1098 227 1158 motus
247 1097 303 1158 est.
335 1093 454 1180 Magna
473 1091 615 1157 Caesaris
637 1095 717 1178 laus,
741 1095 799 1158 sub
823 1116 887 1177 quo
911 1094 973 1160 hoc
996 1097 1133 1161 liberum
1172 1114 1186 1162 7

77 1209 104 1249 m
117 1183 192 1267 fuit,
214 1205 331 1268 magna
349 1184 446 1266 illius,
469 1183 525 1265 qui
542 1182 603 1247 hac
621 1183 769 1247 libertate
787 1205 883 1247 ausus
902 1189 951 1249 est
969 1186 1025 1249 uti.
1055 1185 1134 1250 Erat

118 1274 300 1355 φιλόκαλος
323 1294 424 1354 usque
447 1271 487 1334 ad
507 1272 684 1337 emacitatis
702 1272 990 1355 reprehensionem.
1022 1272 1133 1339 Plures
1170 1291 1186 1339 8

118 1361 221 1425 isdem
244 1362 279 1424 in
300 1362 381 1426 locis
404 1361 497 1424 villas
515 1360 700 1445 possidebat
723 1361 941 1444 adamatisque
959 1364 1052 1427 novis
1069 1365 1134 1447 pri·

118 1472 191 1514 ores
209 1450 408 1536 neglegebat.
438 1449 578 1514 Multum
592 1450 712 1534 ubique
730 1450 896 1534 librorum,
914 1451 1053 1516 multum
1073 1458 1134 1518 sta-

118 1543 263 1622 tuarum,
288 1539 428 1603 multum
451 1539 643 1624 imaginum,
670 1561 750 1623 quas
777 1560 843 1603 non
865 1540 1005 1605 habebat
1027 1542 1134 1625 modo,

78 1653 104 1695 ι(
118 1650 231 1692 verum
259 1629 356 1693 etiam
383 1628 607 1712 venerabatur,
634 1627 759 1714 Vergili
786 1632 860 1692 ante
888 1649 1011 1711 omnes,
1043 1631 1133 1705 cuius

118 1718 259 1781 natalem
295 1716 477 1802 religiosius
510 1739 607 1800 quam
639 1739 732 1781 suum
766 1717 960 1800 celebrabat,
995 1716 1133 1801 Neapoli

118 1807 273 1889 maxime,
300 1806 357 1870 ubi
380 1807 614 1870 monimentum
638 1806 706 1870 aius
729 1806 816 1869 adire
840 1809 877 1869 ut
899 1807 1056 1890 templum
1085 1828 1133 1870 so·

117 1895 214 1960 lebat.
251 1893 291 1959 In
307 1895 369 1960 hac
386 1895 620 1978 tranquillitate
643 1916 762 1958 annum
786 1895 935 1977 quintum
958 1899 991 1959 ct
1009 1900 1133 1979 septua·
1170 1913 1185 1960 9

119 1985 300 2071 gensimum
315 1984 451 2048 excessit
464 1984 600 2048 delicato
615 1984 718 2068 magis
732 2005 865 2067 corpore
880 2005 976 2066 quam
990 1985 1132 2070 infirm03

78 2099 105 2138 ae
118 2077 219 2156 utque
241 2073 435 2138 novissimus
453 2095 472 2135 a
490 2070 618 2137 Nerone
636 2073 740 2137 factus
763 2077 812 2137 est
834 2075 955 2156 consul,
977 2074 1023 2137 ita
1045 2079 1133 2158 post

117 2184 225 2227 remus
249 2185 287 2226 ex
311 2162 469 2245 omnibus,
492 2183 573 2244 quos
594 2161 681 2227 Nero
706 2163 851 2226 consules
874 2163 1001 2246 fecerat,
1028 2164 1133 2228 deces-

118 2252 169 2316 sit.
215 2249 301 2315 Illud
324 2251 420 2315 etiam
444 2251 599 2315 notabile:
623 2251 756 2315 ultimus
779 2273 819 2314 cx
841 2249 1034 2315 Neronianis
1058 2270 1185 2317 con-10

118 2341 278 2405 sularibus
301 2341 392 2422 obiit,
415 2361 478 2422 quo
503 2342 633 2405 consule
651 2337 738 2404 Nero
761 2340 864 2423 periit.
896 2338 988 2415 Quod
1011 2363 1062 2404 me
1084 2364 1131 2405 re·

118 2429 304 2494 cordantem
326 2429 511 2514 tragilitatis
533 2430 692 2493 humanae
715 2429 878 2492 miseratio
907 2429 1002 2493 subit.
1048 2427 1132 2504 Quid
1151 2448 1183 2494 11

76 2543 103 2583 aa
118 2518 205 2581 enim
227 2523 294 2583 tam
318 2518 551 2602 circumcisum,
574 2523 641 2583 tam
665 2519 760 2582 breve
783 2539 878 2600 quam
901 2517 1042 2581 hominis
1065 2519 1131 2583 vita

117 2607 329 2691 longissima?
342 2605 396 2671 An
409 2629 475 2670 non
489 2607 615 2672 videtur
623 2608 685 2671 tibi
692 2605 778 2671 Nero
793 2606 889 2669 modo
899 2607 995 2670 modo
1009 2606 1131 2671 fuisse?

118 2718 192 2761 cum
211 2696 340 2760 interim
364 2719 403 2761 ex
426 2697 475 2778 iis,
499 2698 554 2779 qui
577 2697 637 2760 sub
660 2697 718 2760 illo
738 2700 901 2781 gesserant
919 2697 1131 2779 consulatum,

117 2806 213 2849 nemo
232 2786 296 2848 iam
311 2789 463 2869 superest.
497 2784 696 2868 Quamquam
716 2785 794 2868 quid
811 2783 873 2848 hoc
887 2785 1007 2849 miror?
1029 2807 1131 2868 nuper
1151 2803 1183 2850 12

117 2873 152 2937 L.
175 2873 266 2957 Piso,
287 2879 379 2958 pater
402 2873 528 2938 Pisonis
552 2874 652 2957 illius,
681 2875 737 2957 qui
760 2896 778 2937 a
801 2872 931 2938 Valerio
955 2872 1050 2939 Festo
1073 2897 1131 2958 per

78 2986 105 3027 aa
119 2985 281 3027 summum
304 2963 428 3028 facinus
451 2964 486 3027 in
508 2961 618 3028 Africa
642 2964 765 3028 occisus
789 2967 850 3045 est,
880 2963 984 3027 dicere
1007 2963 1131 3027 solebat

117 3053 279 3115 neminem
304 3074 336 3116 sc
360 3052 466 3116 videre
493 3053 527 3116 in
555 3055 679 3134 senatu,
707 3073 802 3134 quem
831 3053 943 3116 consul
969 3053 1038 3135 ipse
1061 3075 1130 3116 scn-

118 3141 253 3205 tentiam
271 3142 456 3227 rogavisset.
494 3141 573 3204 Tam
592 3141 737 3225 angustis
755 3141 900 3205 terminis
918 3145 1026 3204 tantae
1049 3142 1130 3204 mul-
1150 3157 1183 3204 13

118 3230 267 3294 titudinis
290 3231 443 3295 vivacitas
466 3231 535 3314 ipsa
559 3229 768 3311 concluditur,
791 3232 828 3292 ut
850 3229 930 3292 mihi
953 3251 1019 3292 non
1037 3230 1130 3293 venia

119 3318 224 3382 solum
244 3318 367 3405 dignae,
385 3342 496 3384 verum
519 3319 617 3383 ctiam
635 3318 729 3382 laude
747 3317 915 3382 videantur
932 3319 1006 3381 illae
1023 3318 1130 3402 regiae

82 3518 87 3525 ⁸
190 3533 223 3580 lb
244 3527 360 3597 Vergilii
373 3529 485 3587 KIex
498 3533 577 3600 MV,
596 3531 713 3606 uirgil'r'r
731 3533 816 3603 FD3
836 3533 972 3602 pbfflt)
986 3520 1105 3577 *tntum
1116 3533 1176 3569 om-

109 3612 162 3659 mi
182 3603 215 3649 'a
231 3598 422 3668 stfflasstssr
437 3620 480 3666 νς
496 3605 618 3678 (Vitelli
634 3611 705 3682 pal.

147 3690 220 3730 Pam
230 3693 381 3742 Euspena,
1018 3688 1041 3734 b
