2506 3862
122 191 187 258 362
562 188 589 244 0.
609 188 707 245 PUNI

123 355 245 421 tiorum
273 353 354 420 bene
381 375 419 418 ec
445 353 582 419 feliciter
609 353 750 421 eveniret
777 353 880 436 nobis,
907 352 954 421 rei
978 351 1145 436 publicos,

122 443 192 525 tibi,
209 463 317 510 nonne
335 444 399 509 tale
418 445 531 526 estu
493 463 609 510 unos
626 441 712 507 hunc
732 403 883 595 ordinemL
893 444 1043 509 votorum
1063 463 1141 510 con-

123 492 245 598 vertere
274 530 445 599 debeamus
473 532 613 613 deosque
641 531 883 615 obsecrarent
911 531 1028 614 omnic,
1054 551 1141 614 queo

20 658 23 663 ·
122 621 211 702 focis,
235 643 379 704 quaeque
397 621 495 685 facies
496 642 674 705 ,prospere
693 620 807 688 cedant
825 620 896 702 tibi,
913 621 967 687 rei·
977 581 1141 702 putheas,

123 711 227 792 nobis,
250 711 358 792 vel,
333 733 360 777 ιιι
384 710 555 775 brevius
531 713 572 775 ιιι
596 709 782 792 optandum,
798 713 836 773 ut
854 709 942 774 unit
928 708 1025 791 tibi,'
1016 730 1052 775 m
1072 730 1178 795 quos

88 803 156 865 eet
178 820 229 865 res
252 798 431 882 publieuet
449 819 509 863 nos
528 799 659 865 sumus?
694 797 802 863 Fuitt
755 802 924 900 ttempus,
942 817 980 864 ao
996 798 1140 865 nimium

124 888 180 954 diu
200 887 273 970 fuit,
250 892 360 970 tquo
383 887 446 955 elia
468 887 609 973 adverse,
632 888 694 953 alia
713 887 852 955 secund·
868 887 1006 970 principi
1029 890 1062 953 et
1081 909 1139 953 no·

123 977 187 1061 bis,
214 997 300 1044 nunc
327 977 510 1043 communis
538 976 600 1044 tibi
629 977 798 1042 nobiscum
827 980 895 1043 tem
923 978 1007 1043 laete
1037 997 1138 1077 quom

123 1067 238 1149 tristis,
261 1086 320 1133 nec
343 1066 445 1150 magis
465 1067 533 1131 sine
550 1069 584 1133 te
600 1087 662 1133 nos
680 1087 747 1131 esse
765 1065 876 1131 felices
894 1087 991 1153 quum
1009 1066 1093 1131 ιιι
1066 1087 1140 1134 ome

87 1155 218 1223 euobis
240 1157 341 1238 potes.
376 1152 439 1238 Αιι,
462 1155 490 1221 si
511 1175 632 1238 posses,
654 1155 689 1220 in
706 1154 769 1219 fine
787 1159 938 1222 uotorum
956 1153 1139 1237 edieoisoes,
1152 1183 1179 1225 ιι

122 1248 160 1308 ιιι
181 1245 228 1310 its
249 1244 436 1326 precibust
436 1244 486 1308 uis
509 1243 542 1309 di
565 1247 750 1327 annuerent,
768 1245 797 1310 si
814 1243 968 1310 iudicium
986 1204 1139 1313 noscunt

123 1333 238 1398 mereri
267 1333 520 1415 perseverasses?
564 1332 654 1398 Adeo
682 1294 764 1399 nihil
790 1332 852 1399 tibi
879 1353 988 1399 amore
1015 1332 1137 1401 civium

122 1422 297 1504 antiquius,
317 1425 354 1487 ut
377 1426 451 1489 ente
473 1445 492 1489 o
514 1422 618 1505 nobis,
640 1421 753 1488 deinde
777 1444 795 1488 a
821 1422 870 1487 dis
896 1425 992 1505 etque
1020 1421 1067 1488 ite
1095 1421 1138 1489 eb

87 1511 188 1578 lillis
211 1511 311 1577 ornari
333 1512 422 1594 velis,
445 1511 473 1574 si
496 1534 515 1575 e
536 1511 631 1577 nobis
654 1511 778 1577 ameris.
814 1509 859 1575 Et
886 1532 962 1577 sanc
989 1510 1137 1593 priorum

122 1599 305 1684 principum
329 1601 433 1666 exitus
457 1600 565 1668 docuit
591 1622 674 1665 nee
702 1599 752 1666 dis
779 1599 910 1683 quidem
936 1599 1045 1682 emori,
1072 1600 1138 1669 nisi
1151 1628 1177 1667 rs

123 1711 204 1772 quos
222 1689 369 1755 homines
388 1694 503 1755 ament.
527 1688 673 1756 Arduum
692 1689 831 1754 erutheo
849 1689 1049 1773 precationes
1063 1692 1139 1757 tuas

87 1777 272 1845 slsudibus
296 1778 487 1861 adaequare
509 1778 757 1861 ndnequavimus
779 1781 895 1845 temen.
932 1775 994 1853 Qui
1016 1779 1138 1846 amoris

123 1867 225 1950 ardor,
250 1868 305 1950 qui
326 1867 460 1950 stimuli,
477 1888 558 1949 quee
575 1867 662 1933 feces
684 1868 757 1934 illas
774 1867 868 1933 nobis
887 1865 1137 1936 exclamationes

123 1956 340 2022 subiecerunt!
372 1953 448 2020 Non
469 1956 582 2040 nostri,
605 1953 728 2041 Caesar,
751 1956 882 2041 ingenii,
905 1956 960 2021 sed
980 1959 1055 2021 tuse
1073 1957 1138 2023 vir

122 2046 201 2108 tutis
223 2049 417 2128 tuorumque
440 2047 628 2113 meritorum
654 2065 747 2112 voees
769 2045 910 2127 fuerunt,
937 2066 1016 2127 quas
1044 2045 1178 2115 nolles

122 2155 276 2216 umquem
298 2132 440 2200 adulatio
463 2135 596 2218 invenit,
617 2135 728 2201 nullus
746 2135 934 2216 cuiusquam
957 2138 1061 2199 terror
1083 2155 1137 2202 ex·

87 2241 103 2289 6
123 2223 246 2305 pressit.
281 2221 382 2298 Quem
401 2223 447 2287 sic
462 2223 638 2307 timuimus,
656 2227 693 2288 ut
710 2224 789 2289 heco
802 2223 1020 2308 fingeremus?
1039 2245 1137 2308 quem

124 2312 169 2377 sic
193 2312 379 2396 amavimus,
401 2315 438 2376 ut
460 2310 539 2379 hoec
560 2313 755 2378 fateremur?
792 2311 890 2380 Nosti
911 2313 1138 2380 necessitatem

124 2402 300 2484 servitutis,
331 2400 495 2484 ecquando
526 2402 630 2467 simile
660 2400 783 2485 aliquid
812 2400 940 2483 audisti,
969 2401 1137 2484 ecquando

90 2509 104 2556 ι
123 2490 255 2555 dixisti?
282 2488 386 2555 Multa
405 2490 533 2572 quidem
553 2491 715 2575 excogitet
732 2493 847 2573 metus,
865 2491 920 2555 sed
939 2511 1020 2573 quoe
1038 2511 1136 2572 eppo·
1151 2518 1178 2559 er

122 2581 213 2643 reeut
232 2580 377 2662 quaesite
395 2579 435 2643 ab
453 2578 573 2645 invitis.
609 2578 709 2643 Aliud
728 2577 963 2662 sollicitudinis,
982 2578 1069 2645 eliud
1088 2600 1135 2645 se

123 2669 269 2732 curitetis
287 2668 454 2753 ingenium
477 2671 539 2752 ert,
561 2668 624 2735 elie
644 2669 786 2735 tristium
805 2669 958 2752 inventio,
976 2668 1040 2735 elio
1058 2688 1135 2753 geu-

124 2755 280 2841 dentinm,
307 2760 457 2820 neutrum
486 2757 706 2821 simulationes
733 2757 955 2841 expresserint
1004 2755 1137 2824 Habent

123 2866 181 2908 sue
202 2846 300 2910 verbe
320 2847 438 2928 miseri,
460 2867 517 2911 sue
537 2844 635 2910 verbe
656 2846 776 2927 felices,
794 2849 893 2928 utque
912 2847 976 2910 inm
995 2847 1134 2911 maxime

72 2932 232 2999 decadem
246 2934 291 2997 ,ab
311 2935 454 3018 utrisque
474 2934 628 3017 dicentur,
647 2934 739 2998 aliter
758 2935 915 2998 dicuntur.
941 2933 1046 2998 Testis
1065 2935 1176 3018 ipsese

124 3043 166 3106 es,
184 3043 265 3105 quoe
284 3024 318 3086 in
337 3025 481 3087 omnium
501 3044 554 3087 ore
573 3023 703 3087 laetitia
726 3023 803 3089 Non
822 3023 958 3087 amictus
976 3023 1135 3106 cuiquem,

123 3133 189 3177 non
218 3110 310 3176 habit
296 3115 358 3195 t,us
385 3133 481 3195 quem
509 3111 605 3179 modo
634 3112 799 3179 extulerat.
839 3111 917 3181 Inde
944 3112 1136 3181 resultantis

123 3201 256 3266 vocibus
276 3203 371 3315 tecte,
388 3202 534 3284 nihilque
552 3202 651 3267 tentis
671 3201 866 3270 clamoribus
884 3202 962 3306 setis
981 3199 1134 3271 clausum

194 3364 210 3412 3
236 3311 359 3426 deosque
378 3359 482 3425 nem,
501 3359 606 3415 Bortlr.
621 3363 726 3428 176eq,
747 3375 836 3414 eoso.
856 3359 923 3415 deos
942 3357 1064 3426 donique
1083 3361 1136 3427 (eie

120 3429 200 3498 ΕΙ)
219 3447 242 3485 e.
263 3429 431 3498 eosdemque
449 3431 535 3496 codd,
560 3430 681 3498 deosque
704 3430 785 3485 enixe
804 3431 905 3487 Baete.
996 3435 1030 3485 ιι
1053 3431 1136 3499 etqui

105 3499 167 3555 inm
180 3503 443 3563 mex—dicontur
456 3500 755 3563 cetenensium
771 3502 870 3557 Buelw.
940 3506 972 3554 e1
992 3517 1031 3555 es.
1055 3501 1134 3566 Quae
1176 3557 1181 3563 ,

91 3569 124 3620 1'11
146 3590 222 3630 omn.
248 3595 270 3632 o.
293 3572 429 3639 laetitia!
461 3580 549 3641 Med.
571 3578 636 3637 ado.
653 3577 786 3635 111221.
