2506 3862
133 218 198 282 292
449 215 478 271 C.
497 206 595 270 Pnnu
613 216 659 270 ΕΤ
678 215 830 270 aarum

128 383 239 464 plures
262 399 372 463 annos,
392 401 458 444 nou
475 401 570 445 nemo
590 380 686 444 etiam
705 383 779 444 ante
797 379 921 465 viginti.
949 381 998 445 Hi
1014 402 1145 465 quoque

132 491 242 534 omnes
265 473 299 533 st
327 470 500 554 imaginem
522 471 612 533 tuam
635 469 830 552 deorumque
860 470 1031 534 simulacra
1053 492 1146 534 vene·

99 580 113 627 7
133 559 196 622 1111
219 562 294 623 sunt
317 563 349 622 et
364 556 491 623 Christo
510 559 594 623 male
613 558 769 622 dixerunt.
799 557 1023 622 Adfirmabant
1037 562 1145 623 autem

132 647 216 712 hanc
238 647 336 712 fuisse
360 669 518 713 summam
541 648 592 711 vel
611 648 723 734 culpae
747 669 821 712 suae
840 648 892 711 vel
911 648 1036 730 erroris,
1060 648 1146 731 quod

132 740 237 802 essent
261 737 347 800 soliti
372 740 456 800 stato
481 735 531 799 die
549 739 623 800 ante
641 738 745 800 lucem
766 736 934 800 convenire
954 757 1145 819 carmenque
1175 765 1187 805 1

129 824 260 889 Christo
283 826 375 911 quasi
399 827 457 891 deo
486 825 588 890 dicere
616 846 724 889 aecum
752 825 887 889 invicem
917 847 1015 909 seque
1041 846 1145 890 sacra-

126 918 240 980 mento
263 936 330 978 non
352 914 386 977 in
408 915 512 979 scelus
535 914 667 998 aliquod
684 915 894 1000 obstringere,
918 915 973 978 sed
991 936 1032 978 111
1049 915 1145 995 furta,

131 1025 172 1067 ne
194 1003 371 1087 latrocinia,
393 1026 434 1067 ne
457 1004 613 1068 adulteria
636 1004 884 1087 committerent,
906 1025 946 1066 ne
969 1004 1065 1078 fidem
1087 1004 1146 1067 fal·

130 1095 251 1175 lerent,
287 1115 327 1155 ne
359 1092 541 1179 depositum
571 1093 725 1176 appellati
760 1092 967 1177 abnegarent.
1021 1091 1146 1168 Quibus

130 1182 270 1266 peractis
288 1203 411 1245 morem
429 1182 492 1245 sibi
505 1181 686 1246 discedendi
700 1181 798 1246 fuisse
815 1202 988 1264 rursusque
1008 1182 1144 1246 coeundi
1161 1210 1187 1248 ιο

131 1271 172 1335 ad
195 1270 384 1353 capiendum
407 1271 526 1356 cibum,
548 1271 766 1354 promiscuum
785 1274 893 1334 tamen
911 1273 944 1334 11
962 1271 1145 1353 innoxium,

131 1359 219 1442 quod
248 1359 354 1442 ipsum
383 1360 487 1425 faeere
518 1361 637 1423 desisse
665 1362 747 1442 post,
763 1359 902 1423 edictum
930 1381 1046 1441 meum,
1079 1380 1144 1442 quo

98 1468 113 1516 8
133 1447 309 1511 secundum
332 1448 483 1513 mandata
505 1453 562 1512 tua
583 1448 740 1512 hetaerias
764 1468 831 1512 esse
856 1453 1027 1513 vetueram.
1074 1447 1145 1524 Quo

133 1537 236 1620 magis
268 1538 483 1602 necessarium
512 1537 630 1601 credidi
662 1559 701 1600 ex
733 1537 857 1601 duabus
890 1538 1031 1620 ancillis,
1064 1559 1146 1621 quae

132 1627 297 1691 ministrae
320 1626 522 1704 dicebantur,
546 1625 623 1709 quid
646 1629 729 1690 esset
751 1627 827 1709 veri,
850 1630 883 1690 et
904 1649 962 1710 per
985 1629 1146 1690 tormenta
1162 1655 1188 1695 rs

132 1737 292 1798 quaerere.
324 1715 416 1781 Nihil
439 1715 527 1779 aliud
549 1716 657 1780 inveni
676 1737 771 1798 quam
791 1717 1052 1798 superstitionem
1075 1739 1147 1799 pra·

131 1827 206 1869 vam
229 1805 441 1869 immodicam.
489 1802 565 1869 Ideo
589 1804 688 1868 dilata
711 1805 894 1891 cognitione
917 1805 958 1867 ad
981 1805 1147 1869 consulen-

98 1893 210 1961 sdum
233 1898 265 1957 11
288 1893 461 1958 decucurri.
498 1893 578 1957 Visa
599 1897 649 1958 est
671 1894 756 1957 enim
779 1894 860 1957 mihi
881 1915 932 1957 res
958 1894 1055 1979 digna
1074 1914 1147 1958 con·

133 1984 320 2065 sultations,
352 1983 491 2047 maxime
522 1986 653 2066 propter
684 1983 935 2065 periclitantium
967 2005 1146 2046 numerum.

132 2070 229 2137 Multi
260 2073 345 2135 enim
378 2073 482 2135 omnis
515 2073 645 2155 aetatis,
677 2072 781 2135 omnis
814 2071 948 2153 ordinis,
980 2073 1147 2155 utriusque
1162 2099 1189 2138 10

134 2181 227 2223 sexus
264 2161 361 2224 etiam
397 2164 553 2224 vocantur
589 2162 623 2224 in
658 2161 836 2244 periculum
874 2164 905 2224 et
937 2161 1146 2224 vocabuntur.

133 2247 247 2335 Neque
271 2250 415 2314 civitates
438 2253 579 2331 tantuin,
609 2248 664 2313 ssd
687 2250 774 2312 vicos
803 2249 899 2312 etiam
928 2253 1024 2332 atque
1052 2270 1146 2334 agros

134 2339 369 2421 superstitionis
393 2340 486 2402 istius
510 2339 659 2426 contagio
682 2341 854 2422 pervagata
877 2342 938 2421 est,
962 2361 1043 2422 quae
1062 2338 1147 2403 vide-

83 2447 115 2494 10
134 2431 188 2491 tur
211 2428 281 2492 sisti
299 2431 332 2491 et
350 2428 468 2514 corrigi
485 2449 587 2511 posse.
612 2425 705 2492 Certe
724 2429 801 2490 satis
820 2430 947 2491 oonstat
963 2449 1064 2511 prope
1083 2429 1147 2491 iarn

135 2516 278 2582 desolata
292 2518 413 2600 templa
426 2517 569 2604 coepisse
583 2517 745 2601 celebrari,
760 2519 792 2580 et
806 2537 894 2580 sacra
910 2517 1078 2581 sollemnia
1091 2515 1148 2580 diu
1163 2544 1189 2584 11

135 2606 317 2671 intermissa
343 2607 454 2689 repeti,
480 2607 665 2689 passimque
692 2606 799 2669 venire
826 2606 982 2687 victimas,
1012 2627 1148 2688 quarum

135 2695 239 2759 adhuc
251 2696 433 2763 rarissimus
448 2697 574 2778 emptor
588 2695 818 2759 inveniebatur.
846 2693 898 2758 Ex
913 2716 976 2776 quo
990 2695 1085 2759 facile
1099 2699 1149 2773 111

136 2784 269 2866 opinari,
283 2805 364 2866 quae
378 2785 473 2848 turba
486 2784 654 2847 hominum
669 2783 831 2848 emendari
844 2784 956 2867 possit,
976 2785 1004 2848 si
1019 2785 1061 2847 sit
1074 2804 1148 2866 pae-

135 2873 289 2936 nitentiae
311 2874 410 2939 locus.

489 2982 608 3043 XOVH.
633 2979 797 3063 [XCVIII]
1163 3007 1191 3046 10

480 3084 652 3133 TRAIANUS
676 3085 804 3132 PLINIO.

102 3193 121 3240 1·
202 3172 330 3257 Actum,
354 3197 448 3257 quem
473 3175 619 3258 debuisti,
642 3176 688 3239 mi
711 3173 870 3257 Secunde,
893 3175 927 3237 in
950 3174 1147 3239 excutiendis

137 3264 240 3328 causis
263 3284 390 3347 eorum,
418 3265 474 3348 qui
496 3261 671 3329 Christiani
694 3265 733 3328 ad
756 3267 789 3328 te
813 3263 910 3328 delati
932 3263 1073 3346 fuerent,
1102 3285 1146 3335 11·

208 3410 222 3455 1
241 3402 279 3456 Hi
299 3419 408 3473 quoque
428 3419 522 3456 omnes
540 3404 627 3470 ΚΠ,
645 3403 746 3472 viginti
765 3419 882 3471 quoque.
910 3401 1012 3456 Omnes
1027 3404 1063 3469 A,
1079 3403 1117 3458 Κ.
1124 3405 1148 3458 l.

119 3477 160 3523 10
177 3474 303 3530 coeundi
319 3495 348 3547 a,
362 3475 453 3546 ΚΗ,
468 3493 521 3537 ora.
536 3477 573 3544 A,
588 3476 658 3531 K.I.
729 3479 762 3528 ‘td
780 3473 941 3544 passimque
960 3473 1054 3530 venire
1068 3473 1147 3528 victi-

102 3556 177 3608 maa
206 3563 333 3615 quarum
359 3567 388 3620 a,
414 3566 596 3624 pessumque
618 3547 718 3604 venire
738 3545 931 3601 victimarum.
955 3543 1035 3594 euius
1055 3547 1152 3610 aaa·

89 3610 237 3684 ⁶⁶11qu
258 3638 324 3679 ven.
349 3625 556 3696 victimarum,
578 3623 664 3682 cuius
685 3618 834 3684 Beroctd,
849 3616 892 3670 K.
