2506 3862
412 185 670 240 EPISTULARUM
687 185 725 239 IX
746 191 786 239 13.
1042 185 1106 249 231

95 371 241 414 sermone
261 348 368 414 ‘Puto'
391 349 497 432 inquit
520 349 681 413 ‘iniuriam
699 349 819 415 factam
837 348 983 414 Publicio
1004 348 1108 433 certo,

96 439 123 503 si
146 461 212 502 non
234 438 425 522 absolvitur,
454 438 639 504 nominatus
663 443 712 503 est
742 438 782 502 ab
805 438 917 503 amicis
940 436 1052 503 Arriae
1076 444 1108 504 et

94 526 243 610 Fanniae,
265 529 448 591 nominatus
472 528 512 592 ab
536 527 646 592 amicis
670 527 744 592 suis.
784 525 854 592 Nec
877 526 1028 592 debemus
1047 530 1109 593 sol-

94 617 176 681 liciti
200 638 281 699 esse3
308 617 405 681 iidem
429 616 515 680 enim
538 638 606 700 nos,
630 617 686 700 qui
708 617 789 681 bene
812 617 966 681 sentimus
991 617 1029 680 de
1051 616 1109 681 ho-

69 706 191 791 smine,
210 709 242 770 et
260 706 430 770 iudicaturi
454 729 572 770 sumus.
604 704 638 770 Si
656 707 809 771 innocens
827 710 885 784 est,
909 706 992 770 sicut
1016 707 1108 790 spero

96 800 128 860 et
158 795 242 859 malo
274 799 319 879 et,
351 795 452 858 donec
475 794 597 878 aliquid
624 796 790 879 probetur,
822 795 930 879 crede,
961 794 1108 879 poteritis

96 883 280 949 absolvere?
326 882 415 948 Haec
437 884 499 967 illi,
526 904 590 966 quo
614 884 750 967 quisque
778 884 888 948 ordine
918 884 1108 948 citabantur.
1128 900 1161 949 18

95 971 234 1037 Venitur
255 973 295 1036 ad
318 994 378 1037 me.
425 971 601 1058 Consurgo,
623 977 698 1037 utor
719 973 826 1057 initio,
859 973 945 1056 quod
968 973 1003 1036 in
1024 973 1108 1037 libro

96 1066 154 1145 est,
176 1062 351 1145 respondeo
372 1062 515 1148 singtilis.
561 1061 690 1146 Mirum,
709 1083 772 1144 qua
785 1062 972 1145 intentione,
991 1061 1108 1144 quibus

56 1180 83 1221 ro
98 1152 290 1216 clamoribus
319 1151 426 1215 omnia
454 1151 649 1235 exceperint,
677 1151 733 1234 qui
759 1152 855 1215 modo
883 1152 1108 1216 reclamabant.

97 1239 200 1304 Tanta
223 1241 387 1305 conversio
411 1241 462 1304 vel
484 1240 607 1325 negotii
630 1240 820 1326 dignitatem
842 1241 894 1304 vel
916 1244 1108 1325 proventum

96 1329 249 1393 orationis
272 1330 323 1392 vel
346 1329 463 1393 actoris
487 1329 699 1394 constantiam
724 1329 894 1393 subsecuta
916 1333 973 1394 est.
1005 1328 1108 1393 Finio.
1128 1346 1161 1394 19

94 1417 212 1503 Incipit
235 1419 425 1501 respondere
444 1417 591 1483 Veiento.
622 1416 727 1482 Nemo
750 1418 885 1501 patitur3
909 1419 1108 1502 obturbatur,

96 1507 292 1590 obstrepitur
323 1507 403 1571 adeo
436 1507 581 1591 quidem,
613 1511 649 1571 ut
682 1507 816 1572 diceret:
849 1506 969 1592 ‘Roga
1000 1512 1108 1591 patres

55 1622 81 1664 rs
95 1596 283 1680 conscripti,
314 1618 355 1659 ne
379 1619 430 1660 me
453 1597 575 1682 cogatis
603 1597 763 1681 inplorare
787 1595 942 1660 auxilium
965 1597 1108 1661 tribuno-

56 1727 58 1731 *
94 1685 189 1749 rum?
234 1684 279 1749 Et
303 1685 411 1749 statim
434 1685 568 1748 Murena
590 1686 752 1750 tribunus:
775 1685 944 1749 ‘Permitto
967 1685 1038 1768 tibi,
1060 1686 1110 1749 vir

95 1774 270 1838 clarissime
292 1773 445 1858 Veiento,
475 1774 599 1838 dicere?
645 1773 735 1838 'lunc
758 1796 886 1857 quoque
909 1774 1108 1838 reclamatur.

93 1862 182 1927 Inter
204 1885 310 1927 moras
334 1864 446 1928 consul
469 1863 574 1927 citatis
593 1863 777 1927 nominibus
797 1867 829 1927 et
847 1867 976 1946 peracta
994 1862 1109 1927 disces·
1128 1878 1163 1927 2ο

96 1952 184 2017 sione
208 1953 309 2016 mittit
332 1956 478 2017 senatum
497 1972 534 2016 ec
551 1974 652 2035 paene
671 1952 775 2016 adhuc
794 1956 932 2016 stantem
951 1955 1110 2037 temptan-

55 2067 82 2107 so
96 2045 226 2125 temque
245 2041 349 2105 dicere
367 2040 580 2105 Veientonem
598 2041 736 2123 reliquit.
760 2040 900 2105 Multum
919 2041 973 2105 ille
993 2040 1110 2105 dehac

97 2127 157 2217 (ita
179 2128 329 2217 vocabat)
354 2130 549 2195 contumelia
572 2134 703 2214 questus
731 2134 780 2194 est
802 2128 974 2194 Homerico
1001 2152 1109 2195 versu:

96 2231 144 2300 ‘ll
168 2235 299 2322 γέρον,
322 2231 342 2319 ἦ
365 2237 466 2319 μάλα
489 2237 535 2319 δή
558 2253 599 2301 σε
622 2235 705 2302 νέοι
723 2238 901 2322 τείρουσι
920 2238 1108 2322 μαχηταί.’

95 2341 172 2408 Non
193 2344 259 2406 fere
283 2343 453 2427 quisquam
475 2343 511 2406 in
534 2347 646 2407 senatu
668 2342 746 2426 fuit,
779 2343 834 2427 qui
856 2365 923 2408 non
950 2366 1001 2407 me
1025 2364 1109 2407 com·
1128 2359 1161 2408 21

95 2433 295 2516 plecteretur,
318 2432 556 2496 exoscularetur
578 2431 789 2515 certatimque
811 2433 905 2497 laude
924 2433 1110 2515 cumularet,
1157 2501 1160 2512 ,

57 2546 83 2586 ss
98 2520 185 2603 quod
216 2521 434 2585 intermissum
461 2522 526 2584 iam
554 2521 610 2584 diu
639 2543 762 2584 morem
790 2520 824 2584 in
846 2521 1013 2605 publicum
1036 2542 1109 2584 con·
1153 2541 1155 2544 ⁴

97 2609 220 2674 sulendi
236 2610 391 2694 susceptis
405 2609 543 2693 propriis
559 2610 777 2675 simultatibus
792 2610 999 2694 reduxissem,
1023 2610 1110 2693 quod

96 2698 233 2781 denique
252 2703 397 2762 senatum
416 2698 537 2763 invidia
554 2700 750 2783 liberassem,
769 2721 832 2782 qua
850 2698 1007 2785 flagrabat
1025 2699 1110 2782 apud

96 2787 222 2852 ordines
259 2787 354 2871 alios,
396 2788 481 2871 quod
514 2809 641 2853 severus
679 2788 715 2852 in
751 2792 872 2852 ceteros
909 2788 1109 2853 senatoribus

96 2876 174 2942 solis
198 2875 453 2940 dissimulatione
476 2877 568 2960 quasi
591 2880 705 2941 mutua
727 2881 878 2961 parceret.

55 2992 82 3032 ao
162 2964 251 3030 Haec
274 2969 345 3030 acta
373 2970 448 3030 sunt
475 2966 606 3030 absente
630 2963 738 3050 Certo,
764 2966 828 3030 fuit
857 2966 942 3030 enim
966 2988 1022 3031 seu
1045 2967 1109 3030 tale
1129 2981 1162 3030 22

95 3054 216 3138 aliquid
245 3054 424 3138 suspicatus
452 3055 532 3138 sive,
554 3058 591 3118 ut
615 3056 841 3139 excusabatur,
864 3056 1018 3119 infirmus.
1065 3055 1110 3119 Et

80 3142 283 3208 'relationem
312 3143 442 3227 quidem
470 3143 508 3206 de
536 3166 573 3207 eo
598 3141 713 3208 Caesar
742 3145 783 3208 ad
805 3149 952 3209 senatum
975 3166 1041 3209 non
1063 3165 1110 3207 re-

95 3232 197 3317 misit,
222 3233 347 3297 obtinui
369 3237 493 3316 tamen,
516 3233 602 3316 quod
625 3233 832 3298 intenderam.
877 3231 963 3297 Nam
987 3234 1110 3318 collega
1129 3249 1162 3295 23

97 3320 183 3385 Certi
207 3322 423 3405 consulatum,
456 3342 671 3387 successorem
694 3319 808 3387 certus
831 3323 970 3407 accepit,
1001 3323 1109 3406 plane-

57 3434 83 3475 ss
97 3431 158 3492 que
180 3411 301 3476 factum
326 3415 388 3495 est,
415 3411 502 3495 quod
525 3411 667 3475 dixeram
690 3412 725 3476 in
747 3413 825 3476 fine:
862 3410 999 3475 ‘Reddat
1021 3432 1109 3492 prae-

163 3571 180 3618 4
198 3567 285 3622 iidem
305 3571 345 3626 od
357 3588 390 3642 p.
402 3575 466 3629 153.
479 3576 523 3631 15.
600 3579 639 3628 22
660 3573 749 3630 Horo.
769 3572 875 3626 Moe.
