2506 3862
131 225 198 290 214
449 223 477 279 C.
496 224 594 278 PLINI
611 224 658 278 ET
677 223 830 278 TRAIANI

130 393 271 453 tareset
294 389 329 452 in
350 389 435 452 huno
459 390 521 452 et
512 411 546 452 111
569 409 634 471 eos,
661 389 688 451 si
712 389 768 471 qui
789 387 931 452 fortem
953 387 1051 451 simili
1073 408 1148 451 con-

132 478 287 542 dicione
278 479 456 541 invenirent
457 498 503 540 ur.
535 476 707 541 Decretum
730 473 821 540 Calvi
844 481 875 541 et
890 476 1045 578 edictum,
1068 478 1147 540 item

132 568 292 632 decretum
315 565 409 631 Bassi
430 567 481 631 his
504 567 557 630 litt
543 567 619 631 teris
642 566 769 630 subieci

520 730 613 790 nvn.
637 725 756 811 [11111]

474 832 647 880 TRAIANUS
671 831 798 879 PLINIO.
1173 845 1186 885 5

85 941 109 988 <1
154 997 156 1000 y
197 923 280 1001 Quid
310 925 345 988 in
366 943 503 1007 persona
530 944 640 987 eorum
668 922 872 987 statuendum
901 923 957 1007 sit,
989 922 1045 1006 qui
1067 944 1087 986 a
1109 921 1145 986 P.

131 1011 265 1078 Servilio
286 1010 383 1077 Calvo
406 1013 596 1096 proconsule
618 1012 653 1076 in
674 1013 848 1076 triennium
866 1012 999 1098 relegati
1018 1015 1050 1075 et
1067 1032 1146 1075 mox

130 1103 271 1166 eiusdem
317 1103 419 1166 edicto
459 1102 600 1165 restituti
636 1102 670 1164 in
710 1101 876 1184 provincia
914 1104 1145 1183 remanserunt,

129 1193 274 1275 proxime
296 1191 358 1254 tibi
379 1190 561 1275 rescribam,
583 1211 656 1254 cum
680 1211 791 1254 causas
815 1191 883 1254 eius
906 1189 983 1254 facti
1006 1211 1025 1252 a
1044 1187 1144 1253 Calvo

94 1282 311 1363 nrequisiero.
335 1334 338 1338 .
358 1278 421 1356 Qui
443 1302 462 1344 a
484 1277 566 1343 Iulio
590 1277 690 1343 Basso
713 1279 748 1342 in
770 1283 960 1362 perpetuum
982 1279 1143 1363 relegatus
1160 1308 1186 1349 10

112 1373 185 1452 est,
208 1390 282 1433 cum
304 1391 362 1452 per
384 1369 549 1433 biennium
572 1367 687 1453 agendi
714 1367 899 1433 facultatem
926 1368 1088 1450 habuerit,
1117 1368 1145 1431 si

128 1458 333 1523 existimabat
356 1479 390 1521 se
408 1458 525 1522 inimic
542 1457 727 1542 relegatum,
749 1477 853 1540 neque
871 1457 905 1521 id
917 1457 1028 1521 feccrit
1047 1460 1144 1540 atque

127 1547 162 1610 in
184 1548 348 1630 provincia
370 1547 488 1611 morari
506 1546 723 1629 perseverarit,
745 1546 872 1610 vinctus
890 1546 977 1610 mitti
996 1546 1036 1609 ad
1054 1567 1145 1629 prae-

126 1636 228 1700 fectos
251 1637 404 1720 praetorii
430 1636 494 1700 mei
521 1635 623 1698 debet.
668 1633 781 1717 Neque
808 1636 893 1699 enim
921 1635 1040 1699 sufficit
1070 1655 1143 1698 eum

128 1746 248 1808 poenae
272 1746 348 1790 snae
370 1725 506 1808 restitui,
529 1745 626 1807 quam
649 1725 848 1788 contumacia
871 1724 976 1790 elusit.
1159 1755 1186 1795 15

499 1888 607 1948 uun.
634 1883 768 1969 [srvi]

326 1990 354 2038 Ο.
378 1990 517 2038 PLINIUS
543 1990 696 2038 TRAIANO
720 1989 946 2037 IMPERATORI.

93 2097 106 2143 1
195 2077 275 2144 Oum
298 2082 428 2145 citarem
451 2081 579 2163 iudices,
603 2080 739 2163 dominc,
762 2084 955 2144 conventum
978 2079 1144 2144 inchoatu-

125 2191 195 2252 rus,
226 2168 356 2234 Flavius
385 2168 569 2253 Archippus
599 2168 799 2234 vacationem
829 2173 938 2252 petere
969 2168 1075 2251 coepit
1106 2173 1144 2233 ut

91 2259 348 2342 iphilosophus.
380 2257 533 2341 Fuerimt,
556 2259 612 2342 qui
635 2259 775 2322 dicerent
796 2278 863 2322 non
885 2258 982 2322 modo
1005 2258 1142 2322 liberan·
1157 2288 1185 2328 ,ο

127 2348 203 2412 dum
226 2369 299 2412 eum
321 2348 482 2412 iudicandi
504 2349 702 2430 necessitate,
729 2347 784 2411 sed
808 2348 939 2411 omnino
962 2345 1142 2411 tollendum

126 2437 164 2501 de
183 2437 324 2501 iudicum
341 2458 473 2501 numero
492 2437 749 2520 reddendumque
767 2457 897 2519 poenae,
917 2458 1013 2520 quam
1031 2436 1143 2500 fractis

90 2527 263 2590 avinculis
296 2527 458 2590 evasisset.
503 2524 649 2589 Recitata
681 2529 730 2590 est
762 2526 919 2589 sententia
948 2523 1023 2589 Veli
1049 2524 1144 2589 Pauli

125 2615 341 2698 proconsulis,
373 2636 437 2698 qua
463 2615 660 2697 probabatur
690 2612 874 2698 Archippus
906 2614 1037 2679 crimine
1068 2614 1144 2678 falsi

126 2704 295 2768 damnatus
318 2704 352 2767 in
375 2705 550 2768 metallum.
595 2702 656 2768 Ille
678 2704 760 2768 nihil
782 2703 978 2787 proferebat,
1008 2724 1072 2786 quo
1095 2724 1143 2766 re·
1157 2733 1185 2773 as

127 2794 276 2856 stitutum
299 2814 333 2856 se
357 2793 497 2877 doceret,
525 2793 694 2877 adlegabat
721 2796 829 2856 tamen
856 2813 914 2875 pro
938 2793 1143 2856 restitutione

128 2885 159 2944 et
181 2881 328 2944 libellum
352 2904 370 2945 a
394 2903 427 2946 se
445 2881 630 2946 Domitiano
655 2882 820 2945 datum'et
844 2882 996 2964 epistulas
1016 2881 1143 2946 eiusad

125 2969 282 3034 honorem
315 2991 408 3034 suum
439 2971 633 3054 pertinentes
671 2975 702 3035 et
734 2971 894 3034 decretum
926 2970 1143 3035 Prusensium.

126 3055 276 3122 Addebat
302 3059 353 3123 his
377 3063 408 3123 et
435 3064 507 3125 tuas
535 3061 657 3124 litteras
686 3060 819 3143 scriptas
850 3059 921 3143 sibi,
951 3059 1087 3124 addebat
1110 3062 1143 3122 et

125 3148 226 3231 patris
252 3148 302 3212 tui
325 3148 464 3212 edictum
497 3152 528 3213 et
558 3149 741 3232 epistulam,
774 3149 891 3231 quibus
923 3149 1142 3213 confirmasset
1156 3175 1183 3216 so

90 3252 106 3298 4
126 3237 279 3301 beneficia
294 3235 507 3302 aDomitiano
523 3238 604 3303 data.
627 3236 748 3320 Itaque,
759 3239 904 3321 quamvis
919 3238 1019 3301 eidem
1035 3242 1065 3302 et
1080 3237 1143 3300 alia

127 3327 259 3390 crimina
277 3326 522 3409 applicarentur,
544 3327 627 3391 nihil
650 3327 881 3391 decernendum
899 3327 1019 3409 putavi,
1042 3327 1144 3390 donec

162 3537 282 3590 2012011
304 3539 445 3611 modoo,
467 3559 528 3599 non
549 3543 591 3599 K.
668 3546 702 3626 ti
725 3541 757 3595 et
773 3537 836 3594 ana
852 3536 951 3592 Mada).
967 3535 1149 3589 1111111111

67 3594 128 3659 (ef
145 3616 191 3667 el?
209 3611 252 3662 ὅθ
268 3610 299 3664 si
319 3613 398 3683 quid
416 3585 468 3672 1111
488 3617 563 3674 novi
585 3614 720 3675 criminis
741 3610 893 3678 obicitur),
907 3605 983 3660 talia
999 3605 1074 3670 outo
