2506 3862
374 190 701 286 sprssunmurrvu
720 235 832 285 re-as.
1047 229 1110 294 187

96 385 181 457 ludis
204 393 369 477 productis
388 394 422 457 in
441 394 665 458 commissione
683 394 900 478 pantomimis,
923 414 996 458 cum
1015 394 1112 459 simul

97 481 223 547 theatro
248 503 308 568 ego
332 486 365 546 et
388 481 567 557 Quadratus
590 483 821 568 egrederemur,
843 484 889 547 ait
911 483 1004 547 mihi:
1028 481 1111 547 ‘Scis

96 594 147 636 me
170 569 267 636 hodie
290 572 431 655 primurn
454 571 572 636 vidisse
596 573 764 636 saltantem
788 573 877 636 aviae
901 594 990 636 meae
1016 571 1111 636 liber-

97 660 200 725 tum?'
229 659 301 725 Hoc'
324 682 432 743 nepos.
478 659 523 725 At
545 661 674 726 hercule
697 661 885 725 alienissimi
907 661 1053 725 homines
1076 662 1146 726 1117

71 749 253 817 shonorem
272 747 489 825 Quadratillae
512 747 626 836 (pudet
648 772 700 814 me
723 750 840 814 dixisse
860 747 1030 836 honorem)
1054 772 1112 833 per

97 837 290 903 adulationis
306 838 449 903 officium
464 839 499 902 in
512 839 674 903 theatrum
689 839 896 922 cursitabant,
915 838 1111 922 exultabant,

95 927 303 1012 plaudebant,
333 928 532 992 mirabantur
559 949 597 992 ac
620 927 733 992 deinde
757 929 901 1013 singulos
925 932 1033 1013 gestus
1056 927 1111 991 do·

96 1017 200 1080 minae
224 1036 297 1080 cum
321 1016 453 1081 canticis
483 1017 671 1100 reddebant,
704 1018 760 1101 qui
790 1039 877 1082 nunc
904 1017 1112 1102 exiguissima

96 1106 216 1190 legata,
256 1104 422 1169 theatralis
460 1127 575 1188 operae
616 1106 835 1188 corollarium,
875 1107 1034 1190 accipient
1070 1106 1110 1170 ab

56 1221 83 1260 ιο
96 1193 225 1276 herede,
248 1195 304 1277 qui
326 1216 393 1258 non
416 1194 588 1278 spectabat.
633 1193 736 1278 Haec,
764 1196 840 1277 quia
862 1195 960 1279 soles,
983 1196 1011 1259 si
1034 1195 1111 1278 quid
1130 1210 1146 1259 8

97 1282 210 1347 incidit
229 1283 314 1366 novi,
337 1305 403 1347 non
420 1284 541 1348 invitus
560 1283 678 1366 audire,
701 1283 815 1348 deinde
838 1285 914 1367 quia
935 1284 1111 1349 iucundum

97 1375 145 1436 est
168 1371 257 1454 mihi,
282 1373 368 1454 quod
391 1394 545 1457 ceperam,
569 1373 722 1458 gaudium
746 1372 912 1437 scribendo
931 1376 1111 1438 retractare.

99 1459 228 1526 Gaudeo
253 1462 338 1525 enim
361 1462 482 1545 pietate
500 1461 679 1544 defunctae,
701 1461 823 1525 honore
843 1463 959 1546 optimi
977 1463 1111 1543 iuvenis,

96 1552 199 1615 laetor
217 1551 323 1632 etiam,
346 1551 433 1634 quod
451 1550 566 1614 domus
585 1550 757 1633 aliquando
772 1548 804 1613 O.
821 1549 918 1633 Cassi,
940 1550 1036 1614 huius
1056 1552 1111 1633 qui

56 1666 81 1706 rs
97 1637 264 1703 Cassianae
279 1639 407 1704 scholae
420 1640 569 1722 princeps
589 1642 621 1703 et
634 1661 749 1723 parens
762 1639 834 1720 fuit,
849 1640 965 1703 serviet
980 1639 1110 1703 domino

95 1750 160 1793 uon
174 1729 300 1792 minori.
321 1727 463 1811 Inplebit
477 1729 562 1792 enim
577 1728 666 1791 illam
677 1726 857 1804 Quadratus
871 1750 962 1792 meus
977 1732 1009 1792 et
1023 1728 1111 1791 dece·
1131 1745 1146 1792 9

96 1817 145 1880 bit
163 1838 335 1899 rursusque
354 1818 384 1881 ei
402 1818 572 1902 pristinam
587 1817 786 1903 dignitatem,
801 1817 1028 1898 celebritatem,
1043 1818 1111 1902 glo·

96 1906 176 1968 riam
186 1904 305 1987 reddet,
312 1927 385 1970 cnm
395 1910 504 1970 tantus
515 1908 623 1970 orator
632 1906 706 1970 inde
715 1907 876 1990 procedet,
883 1910 1022 1988 quantus
1032 1906 1112 1969 iuris

99 1995 153 2057 ille
172 1995 345 2058 consultus.
369 1994 459 2060 Vale.

56 2145 82 2186 ao
557 2124 649 2182 XXV.

382 2225 410 2272 C.
433 2225 572 2272 PLINIUS
597 2225 689 2272 RUFO
714 2225 779 2272 SUO
804 2225 830 2273 S.

164 2312 190 2378 Ο
216 2317 371 2397 quantum
395 2315 593 2378 eruditorum
620 2319 676 2378 aut
703 2315 860 2379 modestia
888 2315 1031 2399 ipsorum
1056 2318 1146 2378 autl

98 2404 188 2486 quies
206 2402 362 2487 operit-ac
381 2402 541 2468 subtrahit
559 2403 676 2467 famae!
710 2401 755 2467 At
773 2425 833 2467 nos
852 2425 906 2467 eos
926 2407 1052 2467 tantum
1067 2402 1113 2467 di-

98 2493 182 2556 cturi
191 2491 313 2574 aliquid
327 2495 384 2555 aut
392 2493 507 2556 lecturi
518 2493 678 2574 timemus,
688 2494 744 2576 qui
754 2493 859 2556 studia
870 2515 926 2556 sua
936 2492 1112 2576 proferunt,

57 2608 83 2648 11
99 2602 171 2644 cum
181 2581 239 2663 illi,
248 2581 304 2663 qui
314 2584 430 2664 tacent,
439 2580 503 2644 hoc
511 2582 649 2664 amplius
660 2585 831 2664 praestent,
839 2581 925 2664 quod
934 2581 1111 2644 maximum

99 2691 179 2752 opus
199 2670 326 2732 silentio
345 2674 538 2734 reverentur.
577 2668 739 2753 Expertus
759 2671 873 2752 scribo,
893 2669 979 2753 quod
999 2669 1113 2732 scribo.

165 2757 332 2821 Terentius
359 2755 471 2821 Iunior
498 2759 698 2841 equestribus
729 2759 855 2822 militiis
887 2762 984 2841 atque
1016 2758 1149 2823 etiams

97 2847 321 2931 procuratione
335 2845 554 2911 Narbonensis
568 2847 751 2931 provinciae
765 2847 970 2932 integerrime
985 2847 1113 2912 functus

97 2937 218 3019 recepit
251 2957 285 2999 se
312 2935 346 2998 in
373 2956 468 3020 agros
499 2957 573 2999 suos
605 2936 789 3020 paratisque
810 2936 996 3000 ,honoribus
1029 2941 1113 3000 tran·
1174 2966 1177 2971 >

59 3052 85 3092 eo
100 3025 328 3109 quillissimum
352 3025 455 3088 otium
478 3025 640 3107 praetulit.
682 3024 778 3089 Hunc
796 3047 856 3110 ego
880 3025 1034 3089 invitatus
1057 3024 1114 3088 ho·
1133 3041 1149 3088 3

99 3115 196 3199 spitio
220 3119 257 3178 ut
280 3113 403 3178 bonum
426 3116 550 3196 patrem
578 3113 733 3196 familiae,
762 3117 798 3178 ut
821 3114 1008 3199 diligentem
1032 3115 1114 3199 agri·

99 3203 203 3267 colam
226 3203 374 3266 intuebar
397 3202 436 3266 dc
459 3203 510 3266 his
532 3203 708 3285 locuturus,
733 3203 767 3265 in
791 3202 908 3285 quibus
931 3201 1023 3266 illum
1047 3224 1116 3266 ver-

100 3293 162 3356 sari
193 3291 362 3375 putabam3
395 3295 427 3355 et
456 3312 635 3375 coeperam,
667 3312 741 3355 cum
770 3290 825 3355 ille
853 3314 904 3356 me
928 3291 1114 3355 doctissimo

100 3402 245 3445 sermone
263 3380 425 3444 revocavit
444 3381 485 3444 ad
503 3379 617 3445 studia.
648 3378 750 3456 Quam
770 3384 854 3445 tersa
877 3381 994 3462 omnia,
1017 3395 1154 3460 quama

59 3495 84 3534 es
99 3468 228 3552 Latina,
260 3490 356 3552 quam
385 3466 518 3534 Graeca!
564 3467 653 3535 Nam
682 3472 821 3535 tantum
847 3473 996 3547 utrauue
1012 3466 1147 3538 &RQ

1090 3584 1123 3633 Q
1145 3616 1152 3626 .

104 3578 327 3664 —32-‘ea—taa.
347 3611 503 3672 adaeravit
522 3617 589 3698 tam
606 3615 697 3685 rar),
714 3615 822 3671 1111111111
842 3601 993 3676 uuahat.
1011 3604 1080 3658 aaa.
