2506 3862
160 202 225 266 252
474 201 502 256 Ο.
521 202 620 256 PLINI
637 203 684 256 ΕΤ
703 201 855 256 TRAIANI

159 365 277 429 habere
300 365 396 430 etiam
419 365 476 431 illo
500 366 684 431 tristissimo
708 368 834 431 saeculo
857 367 954 451 volui,
977 367 1060 432 sieut
1077 371 1173 450 potes

124 454 285 519 aduobus
309 455 521 520 matrimoniis
544 456 624 519 meis
648 456 781 520 eredere.
827 454 890 520 Sed
913 456 945 519 di
967 454 1091 540 melius,
1116 455 1174 539 qui
1246 517 1248 527 ,

161 544 268 607 omnia
299 545 425 630 integra
457 545 595 609 bonitati
629 548 702 609 tuae
738 550 952 624 reservarimt;
988 545 1174 609 maluerunt

158 631 221 696 hoe
238 634 346 716 potius
366 637 510 717 tempore
528 655 579 697 me
597 636 721 717 patrem
739 634 819 718 fieri,
833 655 896 718 quo
915 635 1042 698 futurus
1067 656 1172 698 essem

159 724 191 785 et
215 744 344 788 seourus
368 726 400 787 et
422 723 508 786 felix.
1199 749 1212 790 a

561 851 647 910 nm.
672 847 763 931 [xx]

358 951 387 1000 Ο.
409 951 548 1000 PLINIUS
573 952 725 1000 TRAIANO
749 952 973 1002 IMPERATORI.

124 1057 138 1104 1
225 1039 272 1106 Ut
284 1041 424 1124 primum
438 1065 498 1125 me,
513 1042 651 1126 domine,
666 1043 866 1128 indulgentia
884 1046 989 1108 vestra
1007 1042 1173 1125 promovit

159 1130 199 1192 ad
221 1131 454 1213 praefecturam
477 1132 590 1195 aerarii
614 1130 753 1216 Saturni,
781 1132 930 1196 omnibus
954 1131 1171 1195 advocationi-

159 1219 228 1302 bus,
252 1220 369 1302 quibus
392 1221 513 1303 alioqui
531 1242 707 1303 numquam
727 1243 812 1285 eram
831 1221 1012 1304 promiscue
1029 1221 1171 1304 functus,
1185 1249 1212 1288 m

158 1308 349 1391 renuntiavi,
362 1312 399 1372 ut
417 1312 486 1373 toto
506 1310 613 1373 animo
632 1309 778 1395 delegato
797 1310 878 1373 mihi
893 1310 999 1374 officio
1014 1330 1171 1375 vacarem.

124 1411 139 1459 a
159 1393 228 1471 Qua
247 1419 286 1460 ex
305 1418 408 1481 eausa,
423 1420 496 1463 eum
514 1402 686 1482 patronum
704 1421 756 1462 me
774 1399 985 1481 provinciales
1005 1402 1172 1482 optassent

159 1488 270 1549 eontra
292 1485 431 1550 Marium
449 1486 604 1571 Priscum,
623 1490 655 1551 et
672 1488 751 1570 petii
769 1487 896 1551 veniam
914 1488 1009 1551 huius
1028 1487 1170 1552 muneris

159 1577 191 1637 et
213 1574 389 1658 impetravi.
426 1575 497 1659 Sed,
521 1597 593 1640 oum
616 1579 728 1659 postea
752 1578 864 1641 consul
890 1577 1074 1662 designatus
1097 1598 1171 1642 oen·

123 1715 129 1728 .
159 1663 275 1727 suisset
298 1665 457 1750 agendum
479 1665 662 1749 nobiseum,
685 1687 822 1749 quorum
846 1668 913 1729 erat
936 1666 1098 1730 excusatio
1122 1688 1169 1730 re·
1185 1691 1211 1733 15

159 1756 260 1837 oepta,
287 1757 324 1817 ut
352 1775 492 1818 essemus
520 1754 555 1817 in
582 1758 711 1819 senatus
738 1758 897 1838 potestate
924 1758 1170 1838 pateremurque

157 1842 288 1906 nomina
320 1846 430 1906 nostra
461 1843 496 1907 in
527 1866 641 1907 urnam
678 1844 795 1928 eoniei,
832 1843 1169 1908 convenientissimum

158 1953 226 1995 esse
258 1932 485 2015 tranquillitati
518 1932 636 1997 saeculi
667 1934 716 1997 tui
747 1933 860 2017 putavi
887 1934 1073 2016 praesertim
1101 1936 1169 1996 tam

158 2020 339 2084 moderatae
362 2022 521 2085 voluntati
545 2022 735 2105 amplissimi
758 2021 878 2086 ordinis
898 2045 965 2086 non
982 2043 1168 2107 repugnare.

121 2125 137 2172 3
158 2105 217 2170 Cui
236 2109 390 2192 obsequio
409 2131 480 2174 meo
501 2115 577 2193 opto
596 2114 633 2175 ut
652 2111 814 2175 existimes
834 2115 978 2175 constare
1001 2111 1169 2195 rationem,
1182 2138 1209 2178 ao

158 2217 231 2260 eum
260 2199 368 2262 omnia
394 2198 480 2262 faeta
513 2199 661 2283 dietaque
688 2223 759 2264 mea
790 2201 926 2283 probare
959 2200 1169 2264 sanctissimis

157 2287 300 2351 moribus
324 2287 388 2353 tuis
413 2288 548 2370 cupiam.

551 2416 639 2475 nm.
665 2414 769 2494 [xxi]

499 2517 670 2565 TRAIANUS
694 2517 822 2565 PLINIO.

222 2606 266 2670 Et
290 2606 367 2670 aivis
391 2610 423 2670 et
447 2607 601 2671 senatoris
630 2608 707 2672 boni
734 2608 879 2691 partibus
901 2608 1031 2672 functus
1055 2630 1088 2672 es
1113 2610 1167 2673 ob·
1182 2635 1209 2676 aa

157 2696 302 2778 sequium
327 2697 517 2779 amplissimi
541 2697 670 2780 ordinis,
694 2697 780 2780 quod
807 2697 981 2761 iustissime
1009 2697 1167 2782 exigebat,

156 2784 355 2867 praestando.
393 2783 478 2861 Quas
501 2789 607 2868 partes
626 2786 833 2869 impleturum
854 2789 886 2850 te
906 2786 1079 2851 seeundum
1101 2809 1169 2850 sus·

157 2875 282 2955 ceptam
304 2872 401 2937 fidem
426 2874 560 2938 confido.

584 3039 635 3099 IV.
672 3039 725 3098 III.

354 3136 544 3186 e.1>nm1us
569 3037 970 3189 randno]1n1>anaron1.
1181 3151 1209 3192 ro

121 3243 135 3291 1
221 3225 426 3314 Indulgentia
450 3232 514 3313 tua,
538 3230 713 3313 imperator
741 3231 870 3315 optime,
898 3253 993 3314 quam
1021 3232 1167 3314 plenissi-

156 3338 241 3380 mam
265 3316 419 3400 experior,
440 3315 589 3382 hortatur
610 3340 671 3403 me,
693 3322 730 3383 ut
753 3319 886 3383 audeam
909 3321 970 3384 tibi
993 3321 1089 3384 etiam
1107 3343 1183 3404 pro·

155 3405 266 3470 amieis
291 3405 441 3492 obligari3
463 3406 548 3470 inter
570 3429 650 3490 quos
675 3408 736 3472 sibi
759 3409 811 3472 vel
833 3408 1040 3492 praecipuum
1057 3411 1166 3474 loeum

193 3583 215 3628 3
230 3580 330 3637 malui
347 3602 377 3655 a,
393 3585 469 3660 ΕΙ,
490 3586 626 3645 maluere
647 3588 725 3646 ma.
