<?xml version="1.0" encoding="UTF-8"?>
<!DOCTYPE html PUBLIC "-//W3C//DTD XHTML 1.0 Transitional//EN"
    "http://www.w3.org/TR/xhtml1/DTD/xhtml1-transitional.dtd">
<html xmlns="http://www.w3.org/1999/xhtml" xml:lang="en" lang="en">
 <head>
  <title>
</title>
<meta http-equiv="Content-Type" content="text/html;charset=utf-8" />
  <meta name='ocr-system' content='tesseract 3.04.00' />
  <meta name='ocr-capabilities' content='ocr_page ocr_carea ocr_par ocr_line ocrx_word'/>
</head>
<body>
  <div class='ocr_page' id='page_1' title='image "./cplinicaecilise04plingoog_0185.png"; bbox 0 0 2506 3862; ppageno 0'>
   <div class='ocr_carea' id='block_1_1' title="bbox 168 217 747 280">
    <p class='ocr_par' dir='ltr' id='par_1_1' title="bbox 168 217 747 280">
     <span class='ocr_line' id='line_1_1' title="bbox 168 217 747 280; baseline -0.017 0"><span class='ocrx_word' id='word_1_1' title='bbox 168 217 231 280; x_wconf 77' lang='grc'>172</span> <span class='ocrx_word' id='word_1_2' title='bbox 601 217 629 272; x_wconf 83' lang='lat' dir='ltr'>C.</span> <span class='ocrx_word' id='word_1_3' title='bbox 648 217 747 271; x_wconf 89' lang='lat' dir='ltr'>PLINI</span> 
     </span>
    </p>
   </div>
   <div class='ocr_carea' id='block_1_2' title="bbox 164 382 1180 535">
    <p class='ocr_par' dir='ltr' id='par_1_2' title="bbox 164 382 1180 535">
     <span class='ocr_line' id='line_1_2' title="bbox 164 382 1180 465; baseline 0.001 -20"><span class='ocrx_word' id='word_1_4' title='bbox 164 401 285 465; x_wconf 81' lang='lat' dir='ltr'>precor,</span> <span class='ocrx_word' id='word_1_5' title='bbox 316 385 354 445; x_wconf 95' lang='lat' dir='ltr'>ut</span> <span class='ocrx_word' id='word_1_6' title='bbox 385 382 507 465; x_wconf 87' lang='lat' dir='ltr'>posteri</span> <span class='ocrx_word' id='word_1_7' title='bbox 544 402 671 464; x_wconf 91' lang='lat' dir='ltr'>quoque</span> <span class='ocrx_word' id='word_1_8' title='bbox 708 386 764 445; x_wconf 87' lang='lat' dir='ltr'>aut</span> <span class='ocrx_word' id='word_1_9' title='bbox 801 386 907 447; x_wconf 87' lang='lat' dir='ltr'>errent</span> <span class='ocrx_word' id='word_1_10' title='bbox 944 382 1092 446; x_wconf 89' lang='lat' dir='ltr'>similiter</span> <span class='ocrx_word' id='word_1_11' title='bbox 1123 386 1180 446; x_wconf 90' lang='lat' dir='ltr'>aut</span> 
     </span>
     <span class='ocr_line' id='line_1_3' title="bbox 165 469 450 535; baseline 0 -1"><span class='ocrx_word' id='word_1_12' title='bbox 165 470 314 535; x_wconf 89' lang='lat' dir='ltr'>iudicent.</span> <span class='ocrx_word' id='word_1_13' title='bbox 361 469 450 534; x_wconf 92' lang='lat' dir='ltr'>Vale.</span> 
     </span>
    </p>
   </div>
   <div class='ocr_carea' id='block_1_3' title="bbox 376 582 973 731">
    <p class='ocr_par' dir='ltr' id='par_1_3' title="bbox 376 582 973 731">
     <span class='ocr_line' id='line_1_4' title="bbox 653 582 689 640; baseline 0 0"><span class='ocrx_word' id='word_1_14' title='bbox 653 582 689 640; x_wconf 87' lang='lat' dir='ltr'>V.</span> 
     </span>
     <span class='ocr_line' id='line_1_5' title="bbox 376 682 973 731; baseline 0 -2"><span class='ocrx_word' id='word_1_15' title='bbox 376 683 403 730; x_wconf 78' lang='grc' dir='ltr'>Ο.</span> <span class='ocrx_word' id='word_1_16' title='bbox 427 682 565 730; x_wconf 82' lang='lat' dir='ltr'>PLINIUS</span> <span class='ocrx_word' id='word_1_17' title='bbox 592 683 811 730; x_wconf 76' lang='lat' dir='ltr'><strong>CALPURNIAE</strong></span> <span class='ocrx_word' id='word_1_18' title='bbox 836 683 923 731; x_wconf 83' lang='lat' dir='ltr'>SUAE</span> <span class='ocrx_word' id='word_1_19' title='bbox 948 683 973 731; x_wconf 84' lang='lat' dir='ltr'>S.</span> 
     </span>
    </p>
   </div>
   <div class='ocr_carea' id='block_1_4' title="bbox 130 771 1221 1658">
    <p class='ocr_par' dir='ltr' id='par_1_4' title="bbox 131 771 1221 1480">
     <span class='ocr_line' id='line_1_6' title="bbox 131 771 1221 856; baseline 0 -18"><span class='ocrx_word' id='word_1_20' title='bbox 131 791 145 838; x_wconf 93' lang='lat'>1</span> <span class='ocrx_word' id='word_1_21' title='bbox 231 771 422 837; x_wconf 82' lang='lat' dir='ltr'>Incredibile</span> <span class='ocrx_word' id='word_1_22' title='bbox 455 777 519 856; x_wconf 88' lang='lat' dir='ltr'>est,</span> <span class='ocrx_word' id='word_1_23' title='bbox 552 778 672 856; x_wconf 87' lang='lat' dir='ltr'>quanto</span> <span class='ocrx_word' id='word_1_24' title='bbox 706 773 861 838; x_wconf 88' lang='lat' dir='ltr'>desiderio</span> <span class='ocrx_word' id='word_1_25' title='bbox 899 775 947 837; x_wconf 91' lang='lat' dir='ltr'>tui</span> <span class='ocrx_word' id='word_1_26' title='bbox 979 776 1096 837; x_wconf 87' lang='lat' dir='ltr'>tenear.</span> <span class='ocrx_word' id='word_1_27' title='bbox 1142 771 1181 837; x_wconf 90' lang='lat' dir='ltr'>ln</span> <span class='ocrx_word' id='word_1_28' title='bbox 1209 798 1221 838; x_wconf 83' lang='lat' dir='ltr'>s</span> 
     </span>
     <span class='ocr_line' id='line_1_7' title="bbox 165 862 1180 947; baseline 0 -21"><span class='ocrx_word' id='word_1_29' title='bbox 165 884 260 928; x_wconf 86' lang='lat' dir='ltr'>causa</span> <span class='ocrx_word' id='word_1_30' title='bbox 289 884 380 926; x_wconf 90' lang='lat' dir='ltr'>amor</span> <span class='ocrx_word' id='word_1_31' title='bbox 411 863 565 947; x_wconf 90' lang='lat' dir='ltr'>primum,</span> <span class='ocrx_word' id='word_1_32' title='bbox 593 862 706 926; x_wconf 92' lang='lat' dir='ltr'>deinde</span> <span class='ocrx_word' id='word_1_33' title='bbox 739 863 825 945; x_wconf 93' lang='lat' dir='ltr'>quod</span> <span class='ocrx_word' id='word_1_34' title='bbox 856 885 922 926; x_wconf 93' lang='lat' dir='ltr'>non</span> <span class='ocrx_word' id='word_1_35' title='bbox 956 863 1180 927; x_wconf 78' lang='lat' dir='ltr'>consuevimus</span> 
     </span>
     <span class='ocr_line' id='line_1_8' title="bbox 164 949 1181 1037; baseline 0 -22"><span class='ocrx_word' id='word_1_36' title='bbox 164 953 283 1016; x_wconf 87' lang='lat' dir='ltr'>abesse.</span> <span class='ocrx_word' id='word_1_37' title='bbox 329 949 407 1015; x_wconf 91' lang='lat' dir='ltr'>Inde</span> <span class='ocrx_word' id='word_1_38' title='bbox 435 955 496 1034; x_wconf 92' lang='lat' dir='ltr'>est,</span> <span class='ocrx_word' id='word_1_39' title='bbox 525 952 611 1034; x_wconf 90' lang='lat' dir='ltr'>quod</span> <span class='ocrx_word' id='word_1_40' title='bbox 640 973 790 1037; x_wconf 86' lang='lat' dir='ltr'>magnam</span> <span class='ocrx_word' id='word_1_41' title='bbox 822 952 966 1016; x_wconf 89' lang='lat' dir='ltr'>noctium</span> <span class='ocrx_word' id='word_1_42' title='bbox 993 955 1118 1035; x_wconf 86' lang='lat' dir='ltr'>partem</span> <span class='ocrx_word' id='word_1_43' title='bbox 1146 952 1181 1015; x_wconf 91' lang='lat' dir='ltr'>in</span> 
     </span>
     <span class='ocr_line' id='line_1_9' title="bbox 164 1040 1180 1126; baseline 0 -22"><span class='ocrx_word' id='word_1_44' title='bbox 164 1042 304 1126; x_wconf 82' lang='lat' dir='ltr'>imagine</span> <span class='ocrx_word' id='word_1_45' title='bbox 332 1044 388 1104; x_wconf 90' lang='lat' dir='ltr'>tua</span> <span class='ocrx_word' id='word_1_46' title='bbox 416 1041 496 1126; x_wconf 85' lang='lat' dir='ltr'>vigil</span> <span class='ocrx_word' id='word_1_47' title='bbox 523 1041 628 1126; x_wconf 80' lang='lat' dir='ltr'>exigo,</span> <span class='ocrx_word' id='word_1_48' title='bbox 657 1041 740 1123; x_wconf 93' lang='lat' dir='ltr'>inde,</span> <span class='ocrx_word' id='word_1_49' title='bbox 769 1041 855 1123; x_wconf 91' lang='lat' dir='ltr'>quod</span> <span class='ocrx_word' id='word_1_50' title='bbox 882 1041 1031 1124; x_wconf 87' lang='lat' dir='ltr'>interdiu,</span> <span class='ocrx_word' id='word_1_51' title='bbox 1063 1040 1180 1123; x_wconf 87' lang='lat' dir='ltr'>quibus</span> 
     </span>
     <span class='ocr_line' id='line_1_10' title="bbox 164 1129 1181 1213; baseline 0 -20"><span class='ocrx_word' id='word_1_52' title='bbox 164 1129 252 1194; x_wconf 87' lang='lat' dir='ltr'>horis</span> <span class='ocrx_word' id='word_1_53' title='bbox 277 1134 308 1193; x_wconf 89' lang='lat' dir='ltr'>te</span> <span class='ocrx_word' id='word_1_54' title='bbox 331 1130 433 1193; x_wconf 83' lang='lat' dir='ltr'>visere</span> <span class='ocrx_word' id='word_1_55' title='bbox 457 1129 609 1213; x_wconf 88' lang='lat' dir='ltr'>solebam,</span> <span class='ocrx_word' id='word_1_56' title='bbox 627 1129 668 1193; x_wconf 93' lang='lat' dir='ltr'>ad</span> <span class='ocrx_word' id='word_1_57' title='bbox 691 1130 828 1194; x_wconf 77' lang='lat' dir='ltr'>diaetam</span> <span class='ocrx_word' id='word_1_58' title='bbox 852 1134 942 1193; x_wconf 88' lang='lat' dir='ltr'>tuam</span> <span class='ocrx_word' id='word_1_59' title='bbox 969 1131 1032 1212; x_wconf 88' lang='lat' dir='ltr'>ipsi</span> <span class='ocrx_word' id='word_1_60' title='bbox 1060 1152 1120 1213; x_wconf 90' lang='lat' dir='ltr'>me,</span> <span class='ocrx_word' id='word_1_61' title='bbox 1143 1133 1181 1193; x_wconf 96' lang='lat' dir='ltr'>ut</span> 
     </span>
     <span class='ocr_line' id='line_1_11' title="bbox 164 1218 1221 1304; baseline 0.001 -22"><span class='ocrx_word' id='word_1_62' title='bbox 164 1219 329 1282; x_wconf 86' lang='lat' dir='ltr'>verissime</span> <span class='ocrx_word' id='word_1_63' title='bbox 362 1218 487 1302; x_wconf 91' lang='lat' dir='ltr'>dicitur,</span> <span class='ocrx_word' id='word_1_64' title='bbox 514 1218 610 1302; x_wconf 89' lang='lat' dir='ltr'>pedes</span> <span class='ocrx_word' id='word_1_65' title='bbox 643 1219 773 1302; x_wconf 89' lang='lat' dir='ltr'>ducunt,</span> <span class='ocrx_word' id='word_1_66' title='bbox 801 1218 887 1301; x_wconf 93' lang='lat' dir='ltr'>quod</span> <span class='ocrx_word' id='word_1_67' title='bbox 919 1218 1055 1301; x_wconf 88' lang='lat' dir='ltr'>denique</span> <span class='ocrx_word' id='word_1_68' title='bbox 1086 1241 1181 1304; x_wconf 81' lang='lat' dir='ltr'>aeger</span> <span class='ocrx_word' id='word_1_69' title='bbox 1195 1244 1221 1284; x_wconf 77' lang='grc' dir='ltr'>ιο</span> 
     </span>
     <span class='ocr_line' id='line_1_12' title="bbox 166 1308 1180 1373; baseline -0.001 -1"><span class='ocrx_word' id='word_1_70' title='bbox 166 1311 198 1372; x_wconf 91' lang='lat' dir='ltr'>et</span> <span class='ocrx_word' id='word_1_71' title='bbox 220 1311 362 1371; x_wconf 89' lang='lat' dir='ltr'>maestus</span> <span class='ocrx_word' id='word_1_72' title='bbox 385 1329 423 1373; x_wconf 91' lang='lat' dir='ltr'>ac</span> <span class='ocrx_word' id='word_1_73' title='bbox 446 1308 561 1372; x_wconf 86' lang='lat' dir='ltr'>similis</span> <span class='ocrx_word' id='word_1_74' title='bbox 584 1308 714 1372; x_wconf 88' lang='lat' dir='ltr'>excluso</span> <span class='ocrx_word' id='word_1_75' title='bbox 743 1330 761 1370; x_wconf 91' lang='lat' dir='ltr'>a</span> <span class='ocrx_word' id='word_1_76' title='bbox 788 1329 890 1372; x_wconf 86' lang='lat' dir='ltr'>vacuo</span> <span class='ocrx_word' id='word_1_77' title='bbox 918 1308 1029 1371; x_wconf 92' lang='lat' dir='ltr'>limine</span> <span class='ocrx_word' id='word_1_78' title='bbox 1057 1308 1180 1372; x_wconf 82' lang='lat' dir='ltr'>recedo</span> 
     </span>
     <span class='ocr_line' id='line_1_13' title="bbox 164 1396 1181 1480; baseline 0 -19"><span class='ocrx_word' id='word_1_79' title='bbox 164 1396 274 1461; x_wconf 88' lang='lat' dir='ltr'>Unum</span> <span class='ocrx_word' id='word_1_80' title='bbox 306 1400 434 1480; x_wconf 89' lang='lat' dir='ltr'>tempus</span> <span class='ocrx_word' id='word_1_81' title='bbox 465 1397 516 1461; x_wconf 91' lang='lat' dir='ltr'>his</span> <span class='ocrx_word' id='word_1_82' title='bbox 548 1397 717 1461; x_wconf 90' lang='lat' dir='ltr'>tormentis</span> <span class='ocrx_word' id='word_1_83' title='bbox 751 1401 850 1480; x_wconf 89' lang='lat' dir='ltr'>caret,</span> <span class='ocrx_word' id='word_1_84' title='bbox 882 1418 946 1479; x_wconf 93' lang='lat' dir='ltr'>quo</span> <span class='ocrx_word' id='word_1_85' title='bbox 979 1398 1013 1460; x_wconf 92' lang='lat' dir='ltr'>in</span> <span class='ocrx_word' id='word_1_86' title='bbox 1044 1397 1116 1460; x_wconf 88' lang='lat' dir='ltr'>foro</span> <span class='ocrx_word' id='word_1_87' title='bbox 1149 1401 1181 1461; x_wconf 92' lang='lat' dir='ltr'>et</span> 
     </span>
    </p>

    <p class='ocr_par' dir='ltr' id='par_1_5' title="bbox 130 1484 1181 1658">
     <span class='ocr_line' id='line_1_14' title="bbox 130 1484 1181 1569; baseline -0.002 -19"><span class='ocrx_word' id='word_1_88' title='bbox 130 1501 145 1550; x_wconf 97' lang='grc'>2</span> <span class='ocrx_word' id='word_1_89' title='bbox 165 1486 341 1550; x_wconf 87' lang='lat' dir='ltr'>amicorum</span> <span class='ocrx_word' id='word_1_90' title='bbox 364 1486 478 1550; x_wconf 89' lang='lat' dir='ltr'>litibus</span> <span class='ocrx_word' id='word_1_91' title='bbox 497 1489 653 1551; x_wconf 92' lang='lat' dir='ltr'>conteror.</span> <span class='ocrx_word' id='word_1_92' title='bbox 690 1484 835 1549; x_wconf 78' lang='lat' dir='ltr'>Aestima</span> <span class='ocrx_word' id='word_1_93' title='bbox 855 1489 902 1569; x_wconf 92' lang='lat' dir='ltr'>tu,</span> <span class='ocrx_word' id='word_1_94' title='bbox 921 1507 1002 1568; x_wconf 90' lang='lat' dir='ltr'>quae</span> <span class='ocrx_word' id='word_1_95' title='bbox 1024 1487 1091 1550; x_wconf 85' lang='lat' dir='ltr'>vita</span> <span class='ocrx_word' id='word_1_96' title='bbox 1109 1507 1181 1549; x_wconf 91' lang='lat' dir='ltr'>mea</span> 
     </span>
     <span class='ocr_line' id='line_1_15' title="bbox 166 1574 1180 1658; baseline 0.001 -20"><span class='ocrx_word' id='word_1_97' title='bbox 166 1574 217 1653; x_wconf 87' lang='lat' dir='ltr'>sit,</span> <span class='ocrx_word' id='word_1_98' title='bbox 242 1576 292 1640; x_wconf 88' lang='lat' dir='ltr'>cui</span> <span class='ocrx_word' id='word_1_99' title='bbox 316 1576 442 1658; x_wconf 87' lang='lat' dir='ltr'>requies</span> <span class='ocrx_word' id='word_1_100' title='bbox 461 1577 495 1639; x_wconf 92' lang='lat' dir='ltr'>in</span> <span class='ocrx_word' id='word_1_101' title='bbox 512 1575 632 1658; x_wconf 89' lang='lat' dir='ltr'>labore,</span> <span class='ocrx_word' id='word_1_102' title='bbox 650 1575 685 1638; x_wconf 89' lang='lat' dir='ltr'>in</span> <span class='ocrx_word' id='word_1_103' title='bbox 702 1575 831 1639; x_wconf 90' lang='lat' dir='ltr'>miseria</span> <span class='ocrx_word' id='word_1_104' title='bbox 850 1575 997 1658; x_wconf 86' lang='lat' dir='ltr'>curisque</span> <span class='ocrx_word' id='word_1_105' title='bbox 1017 1575 1180 1640; x_wconf 89' lang='lat' dir='ltr'>solacium.</span> 
     </span>
    </p>
   </div>
   <div class='ocr_carea' id='block_1_5' title="bbox 165 1663 1222 1732">
    <p class='ocr_par' dir='ltr' id='par_1_6' title="bbox 165 1663 1222 1732">
     <span class='ocr_line' id='line_1_16' title="bbox 165 1663 1222 1732; baseline 0.004 -4"><span class='ocrx_word' id='word_1_106' title='bbox 165 1663 254 1730; x_wconf 91' lang='lat' dir='ltr'>Vale.</span> <span class='ocrx_word' id='word_1_107' title='bbox 1196 1689 1222 1732; x_wconf 79' lang='lat' dir='ltr'>rs</span> 
     </span>
    </p>
   </div>
   <div class='ocr_carea' id='block_1_6' title="bbox 422 1776 932 1926">
    <p class='ocr_par' dir='ltr' id='par_1_7' title="bbox 422 1776 932 1926">
     <span class='ocr_line' id='line_1_17' title="bbox 649 1776 700 1834; baseline -0.02 0"><span class='ocrx_word' id='word_1_108' title='bbox 649 1776 700 1834; x_wconf 76' lang='grc' dir='ltr'>Ἦ.</span> 
     </span>
     <span class='ocr_line' id='line_1_18' title="bbox 422 1875 932 1926; baseline -0.002 -2"><span class='ocrx_word' id='word_1_109' title='bbox 422 1877 449 1924; x_wconf 92' lang='lat' dir='ltr'>c.</span> <span class='ocrx_word' id='word_1_110' title='bbox 473 1876 611 1924; x_wconf 76' lang='lat' dir='ltr'>ruimus</span> <span class='ocrx_word' id='word_1_111' title='bbox 636 1875 791 1926; x_wconf 78' lang='lat' dir='ltr'>nacnmo</span> <span class='ocrx_word' id='word_1_112' title='bbox 816 1875 881 1924; x_wconf 90' lang='lat' dir='ltr'>suo</span> <span class='ocrx_word' id='word_1_113' title='bbox 906 1875 932 1923; x_wconf 91' lang='lat' dir='ltr'>s.</span> 
     </span>
    </p>
   </div>
   <div class='ocr_carea' id='block_1_7' title="bbox 131 1965 1222 3388">
    <p class='ocr_par' dir='ltr' id='par_1_8' title="bbox 133 1965 1222 2407">
     <span class='ocr_line' id='line_1_19' title="bbox 133 1965 1181 2052; baseline -0.001 -21"><span class='ocrx_word' id='word_1_114' title='bbox 133 1984 147 2031; x_wconf 90' lang='lat'>1</span> <span class='ocrx_word' id='word_1_115' title='bbox 234 1967 319 2031; x_wconf 86' lang='lat' dir='ltr'>Rara</span> <span class='ocrx_word' id='word_1_116' title='bbox 344 1972 375 2031; x_wconf 92' lang='lat' dir='ltr'>et</span> <span class='ocrx_word' id='word_1_117' title='bbox 397 1968 551 2031; x_wconf 89' lang='lat' dir='ltr'>notabilis</span> <span class='ocrx_word' id='word_1_118' title='bbox 574 1989 624 2031; x_wconf 91' lang='lat' dir='ltr'>res</span> <span class='ocrx_word' id='word_1_119' title='bbox 643 1965 771 2031; x_wconf 89' lang='lat' dir='ltr'>Vareno</span> <span class='ocrx_word' id='word_1_120' title='bbox 796 1967 941 2052; x_wconf 90' lang='lat' dir='ltr'>contigit,</span> <span class='ocrx_word' id='word_1_121' title='bbox 966 1967 1008 2031; x_wconf 90' lang='lat' dir='ltr'>sit</span> <span class='ocrx_word' id='word_1_122' title='bbox 1029 1967 1106 2032; x_wconf 88' lang='lat' dir='ltr'>licet</span> <span class='ocrx_word' id='word_1_123' title='bbox 1129 1967 1181 2030; x_wconf 93' lang='lat' dir='ltr'>ad-</span> 
     </span>
     <span class='ocr_line' id='line_1_20' title="bbox 166 2055 1181 2140; baseline 0.001 -21"><span class='ocrx_word' id='word_1_124' title='bbox 166 2055 230 2121; x_wconf 93' lang='lat' dir='ltr'>huc</span> <span class='ocrx_word' id='word_1_125' title='bbox 253 2056 358 2120; x_wconf 91' lang='lat' dir='ltr'>dubia.</span> <span class='ocrx_word' id='word_1_126' title='bbox 404 2056 540 2140; x_wconf 87' lang='lat' dir='ltr'>Bithyni</span> <span class='ocrx_word' id='word_1_127' title='bbox 563 2057 798 2121; x_wconf 78' lang='lat' dir='ltr'>accusationem</span> <span class='ocrx_word' id='word_1_128' title='bbox 828 2055 895 2119; x_wconf 89' lang='lat' dir='ltr'>eius</span> <span class='ocrx_word' id='word_1_129' title='bbox 924 2059 960 2119; x_wconf 90' lang='lat' dir='ltr'>ut</span> <span class='ocrx_word' id='word_1_130' title='bbox 988 2059 1107 2120; x_wconf 90' lang='lat' dir='ltr'>temere</span> <span class='ocrx_word' id='word_1_131' title='bbox 1134 2057 1181 2119; x_wconf 93' lang='lat' dir='ltr'>in-</span> 
     </span>
     <span class='ocr_line' id='line_1_21' title="bbox 166 2143 1222 2229; baseline 0.003 -21"><span class='ocrx_word' id='word_1_132' title='bbox 166 2144 316 2208; x_wconf 89' lang='lat' dir='ltr'>choatam</span> <span class='ocrx_word' id='word_1_133' title='bbox 349 2145 494 2209; x_wconf 90' lang='lat' dir='ltr'>omisisse</span> <span class='ocrx_word' id='word_1_134' title='bbox 530 2149 708 2209; x_wconf 81' lang='lat' dir='ltr'>narrantur.</span> <span class='ocrx_word' id='word_1_135' title='bbox 753 2143 934 2208; x_wconf 80' lang='lat' dir='ltr'>Narrantur</span> <span class='ocrx_word' id='word_1_136' title='bbox 970 2144 1055 2229; x_wconf 73' lang='lat' dir='ltr'>dico,</span> <span class='ocrx_word' id='word_1_137' title='bbox 1091 2144 1181 2210; x_wconf 90' lang='lat' dir='ltr'>adest</span> <span class='ocrx_word' id='word_1_138' title='bbox 1195 2171 1222 2211; x_wconf 80' lang='lat' dir='ltr'>so</span> 
     </span>
     <span class='ocr_line' id='line_1_22' title="bbox 166 2233 1182 2320; baseline 0.001 -23"><span class='ocrx_word' id='word_1_139' title='bbox 166 2234 350 2317; x_wconf 78' lang='lat' dir='ltr'>provinciae</span> <span class='ocrx_word' id='word_1_140' title='bbox 381 2234 516 2320; x_wconf 85' lang='lat' dir='ltr'>legatus,</span> <span class='ocrx_word' id='word_1_141' title='bbox 548 2234 658 2298; x_wconf 89' lang='lat' dir='ltr'>attulit</span> <span class='ocrx_word' id='word_1_142' title='bbox 691 2233 853 2298; x_wconf 88' lang='lat' dir='ltr'>decretum</span> <span class='ocrx_word' id='word_1_143' title='bbox 882 2234 1010 2299; x_wconf 86' lang='lat' dir='ltr'>concilii</span> <span class='ocrx_word' id='word_1_144' title='bbox 1037 2234 1077 2298; x_wconf 86' lang='lat' dir='ltr'>ad</span> <span class='ocrx_word' id='word_1_145' title='bbox 1106 2233 1182 2298; x_wconf 78' lang='lat' dir='ltr'>Cae</span> 
     </span>
     <span class='ocr_line' id='line_1_23' title="bbox 167 2322 1181 2407; baseline 0 -21"><span class='ocrx_word' id='word_1_146' title='bbox 167 2344 280 2406; x_wconf 90' lang='lat' dir='ltr'>sarem,</span> <span class='ocrx_word' id='word_1_147' title='bbox 302 2323 413 2387; x_wconf 92' lang='lat' dir='ltr'>attulit</span> <span class='ocrx_word' id='word_1_148' title='bbox 435 2323 476 2386; x_wconf 93' lang='lat' dir='ltr'>ad</span> <span class='ocrx_word' id='word_1_149' title='bbox 498 2324 619 2387; x_wconf 92' lang='lat' dir='ltr'>multos</span> <span class='ocrx_word' id='word_1_150' title='bbox 644 2323 804 2407; x_wconf 87' lang='lat' dir='ltr'>principes</span> <span class='ocrx_word' id='word_1_151' title='bbox 827 2322 922 2405; x_wconf 85' lang='lat' dir='ltr'>viros,</span> <span class='ocrx_word' id='word_1_152' title='bbox 950 2324 1061 2387; x_wconf 89' lang='lat' dir='ltr'>attulit</span> <span class='ocrx_word' id='word_1_153' title='bbox 1084 2323 1181 2387; x_wconf 91' lang='lat' dir='ltr'>etiam</span> 
     </span>
    </p>

    <p class='ocr_par' dir='ltr' id='par_1_9' title="bbox 131 2410 1222 2673">
     <span class='ocr_line' id='line_1_24' title="bbox 131 2410 1181 2477; baseline 0.002 -3"><span class='ocrx_word' id='word_1_154' title='bbox 131 2411 206 2475; x_wconf 78' lang='lat' dir='ltr'>aad</span> <span class='ocrx_word' id='word_1_155' title='bbox 237 2434 297 2476; x_wconf 90' lang='lat' dir='ltr'>nos</span> <span class='ocrx_word' id='word_1_156' title='bbox 329 2410 449 2476; x_wconf 91' lang='lat' dir='ltr'>Vareni</span> <span class='ocrx_word' id='word_1_157' title='bbox 481 2411 661 2477; x_wconf 84' lang='lat' dir='ltr'>advocatos</span> <span class='ocrx_word' id='word_1_158' title='bbox 707 2411 833 2476; x_wconf 87' lang='lat' dir='ltr'>Perstat</span> <span class='ocrx_word' id='word_1_159' title='bbox 869 2415 977 2476; x_wconf 87' lang='lat' dir='ltr'>tamen</span> <span class='ocrx_word' id='word_1_160' title='bbox 1009 2412 1093 2476; x_wconf 91' lang='lat' dir='ltr'>idem</span> <span class='ocrx_word' id='word_1_161' title='bbox 1126 2412 1181 2476; x_wconf 87' lang='lat' dir='ltr'>illo</span> 
     </span>
     <span class='ocr_line' id='line_1_25' title="bbox 165 2500 1181 2587; baseline 0.001 -23"><span class='ocrx_word' id='word_1_162' title='bbox 165 2500 316 2587; x_wconf 71' lang='lat' dir='ltr'>Magnus,</span> <span class='ocrx_word' id='word_1_163' title='bbox 345 2501 424 2584; x_wconf 91' lang='lat' dir='ltr'>quin</span> <span class='ocrx_word' id='word_1_164' title='bbox 451 2501 547 2564; x_wconf 89' lang='lat' dir='ltr'>etiarn</span> <span class='ocrx_word' id='word_1_165' title='bbox 571 2500 754 2587; x_wconf 83' lang='lat' dir='ltr'>Nigrinum,</span> <span class='ocrx_word' id='word_1_166' title='bbox 783 2500 941 2584; x_wconf 87' lang='lat' dir='ltr'>optimum</span> <span class='ocrx_word' id='word_1_167' title='bbox 970 2501 1084 2584; x_wconf 86' lang='lat' dir='ltr'>virum,</span> <span class='ocrx_word' id='word_1_168' title='bbox 1111 2523 1181 2584; x_wconf 92' lang='lat' dir='ltr'>per-</span> 
     </span>
     <span class='ocr_line' id='line_1_26' title="bbox 166 2589 1222 2673; baseline 0.002 -19"><span class='ocrx_word' id='word_1_169' title='bbox 166 2590 361 2656; x_wconf 88' lang='lat' dir='ltr'>tinacissime</span> <span class='ocrx_word' id='word_1_170' title='bbox 385 2593 518 2655; x_wconf 76' lang='lat' dir='ltr'>exercet.</span> <span class='ocrx_word' id='word_1_171' title='bbox 555 2589 617 2654; x_wconf 88' lang='lat' dir='ltr'>Per</span> <span class='ocrx_word' id='word_1_172' title='bbox 638 2589 725 2654; x_wconf 92' lang='lat' dir='ltr'>hunc</span> <span class='ocrx_word' id='word_1_173' title='bbox 743 2611 762 2653; x_wconf 87' lang='lat' dir='ltr'>a</span> <span class='ocrx_word' id='word_1_174' title='bbox 783 2589 967 2654; x_wconf 90' lang='lat' dir='ltr'>consulibus</span> <span class='ocrx_word' id='word_1_175' title='bbox 986 2591 1181 2673; x_wconf 87' lang='lat' dir='ltr'>postulabat,</span> <span class='ocrx_word' id='word_1_176' title='bbox 1194 2615 1222 2656; x_wconf 81' lang='lat' dir='ltr'>ss</span> 
     </span>
    </p>

    <p class='ocr_par' dir='ltr' id='par_1_10' title="bbox 131 2677 1181 3030">
     <span class='ocr_line' id='line_1_27' title="bbox 131 2677 1180 2764; baseline 0 -22"><span class='ocrx_word' id='word_1_177' title='bbox 131 2684 203 2743; x_wconf 76' lang='lat' dir='ltr'>aut</span> <span class='ocrx_word' id='word_1_178' title='bbox 230 2679 375 2744; x_wconf 90' lang='lat' dir='ltr'>Varenus</span> <span class='ocrx_word' id='word_1_179' title='bbox 404 2678 554 2744; x_wconf 85' lang='lat' dir='ltr'>exhibere</span> <span class='ocrx_word' id='word_1_180' title='bbox 581 2680 721 2743; x_wconf 87' lang='lat' dir='ltr'>rationes</span> <span class='ocrx_word' id='word_1_181' title='bbox 754 2681 929 2764; x_wconf 78' lang='lat' dir='ltr'>cogeretur.</span> <span class='ocrx_word' id='word_1_182' title='bbox 975 2677 1180 2743; x_wconf 87' lang='lat' dir='ltr'>Adsistebam</span> 
     </span>
     <span class='ocr_line' id='line_1_28' title="bbox 166 2766 1180 2833; baseline -0.001 -1"><span class='ocrx_word' id='word_1_183' title='bbox 166 2766 294 2832; x_wconf 85' lang='lat' dir='ltr'>Vareno</span> <span class='ocrx_word' id='word_1_184' title='bbox 323 2770 387 2831; x_wconf 88' lang='lat' dir='ltr'>iam</span> <span class='ocrx_word' id='word_1_185' title='bbox 414 2771 542 2833; x_wconf 88' lang='lat' dir='ltr'>tantum</span> <span class='ocrx_word' id='word_1_186' title='bbox 570 2772 607 2832; x_wconf 89' lang='lat' dir='ltr'>ut</span> <span class='ocrx_word' id='word_1_187' title='bbox 634 2768 755 2832; x_wconf 90' lang='lat' dir='ltr'>amicus</span> <span class='ocrx_word' id='word_1_188' title='bbox 783 2771 816 2831; x_wconf 89' lang='lat' dir='ltr'>et</span> <span class='ocrx_word' id='word_1_189' title='bbox 842 2771 948 2832; x_wconf 89' lang='lat' dir='ltr'>tacere</span> <span class='ocrx_word' id='word_1_190' title='bbox 971 2768 1180 2832; x_wconf 85' lang='lat' dir='ltr'>decreveram.</span> 
     </span>
     <span class='ocr_line' id='line_1_29' title="bbox 166 2854 1181 2940; baseline 0.003 -22"><span class='ocrx_word' id='word_1_191' title='bbox 166 2854 259 2920; x_wconf 91' lang='lat' dir='ltr'>Nihil</span> <span class='ocrx_word' id='word_1_192' title='bbox 282 2857 367 2921; x_wconf 89' lang='lat' dir='ltr'>enim</span> <span class='ocrx_word' id='word_1_193' title='bbox 391 2862 458 2921; x_wconf 91' lang='lat' dir='ltr'>tam</span> <span class='ocrx_word' id='word_1_194' title='bbox 482 2857 687 2940; x_wconf 84' lang='lat' dir='ltr'>contrarium,</span> <span class='ocrx_word' id='word_1_195' title='bbox 713 2877 808 2939; x_wconf 90' lang='lat' dir='ltr'>quam</span> <span class='ocrx_word' id='word_1_196' title='bbox 838 2857 865 2919; x_wconf 92' lang='lat' dir='ltr'>si</span> <span class='ocrx_word' id='word_1_197' title='bbox 887 2856 1061 2921; x_wconf 85' lang='lat' dir='ltr'>advocatus</span> <span class='ocrx_word' id='word_1_198' title='bbox 1088 2879 1107 2920; x_wconf 91' lang='lat' dir='ltr'>a</span> <span class='ocrx_word' id='word_1_199' title='bbox 1135 2879 1181 2921; x_wconf 90' lang='lat' dir='ltr'>se-</span> 
     </span>
     <span class='ocr_line' id='line_1_30' title="bbox 166 2945 1181 3030; baseline 0.002 -22"><span class='ocrx_word' id='word_1_200' title='bbox 166 2950 244 3009; x_wconf 89' lang='lat' dir='ltr'>natu</span> <span class='ocrx_word' id='word_1_201' title='bbox 277 2946 369 3009; x_wconf 90' lang='lat' dir='ltr'>datus</span> <span class='ocrx_word' id='word_1_202' title='bbox 401 2946 602 3010; x_wconf 84' lang='lat' dir='ltr'>defenderem</span> <span class='ocrx_word' id='word_1_203' title='bbox 634 2950 671 3009; x_wconf 91' lang='lat' dir='ltr'>ut</span> <span class='ocrx_word' id='word_1_204' title='bbox 702 2968 801 3027; x_wconf 91' lang='lat' dir='ltr'>reum,</span> <span class='ocrx_word' id='word_1_205' title='bbox 829 2945 881 3009; x_wconf 92' lang='lat' dir='ltr'>cui</span> <span class='ocrx_word' id='word_1_206' title='bbox 909 2968 989 3029; x_wconf 90' lang='lat' dir='ltr'>opus</span> <span class='ocrx_word' id='word_1_207' title='bbox 1017 2949 1109 3030; x_wconf 88' lang='lat' dir='ltr'>esset,</span> <span class='ocrx_word' id='word_1_208' title='bbox 1140 2968 1181 3010; x_wconf 89' lang='lat' dir='ltr'>ne</span> 
     </span>
    </p>

    <p class='ocr_par' dir='ltr' id='par_1_11' title="bbox 131 3033 1222 3388">
     <span class='ocr_line' id='line_1_31' title="bbox 131 3033 1222 3121; baseline 0.005 -26"><span class='ocrx_word' id='word_1_209' title='bbox 131 3050 148 3096; x_wconf 90' lang='lat'>4</span> <span class='ocrx_word' id='word_1_210' title='bbox 167 3055 239 3096; x_wconf 89' lang='lat' dir='ltr'>reus</span> <span class='ocrx_word' id='word_1_211' title='bbox 262 3034 431 3099; x_wconf 86' lang='lat' dir='ltr'>videretur.</span> <span class='ocrx_word' id='word_1_212' title='bbox 469 3033 550 3098; x_wconf 74' lang='lat' dir='ltr'>(lum</span> <span class='ocrx_word' id='word_1_213' title='bbox 569 3039 678 3098; x_wconf 90' lang='lat' dir='ltr'>tamen</span> <span class='ocrx_word' id='word_1_214' title='bbox 700 3034 792 3097; x_wconf 87' lang='lat' dir='ltr'>finita</span> <span class='ocrx_word' id='word_1_215' title='bbox 814 3036 1032 3118; x_wconf 88' lang='lat' dir='ltr'>postulatione</span> <span class='ocrx_word' id='word_1_216' title='bbox 1050 3034 1180 3121; x_wconf 87' lang='lat' dir='ltr'>Nigrini</span> <span class='ocrx_word' id='word_1_217' title='bbox 1194 3060 1222 3101; x_wconf 85' lang='lat' dir='ltr'>so</span> 
     </span>
     <span class='ocr_line' id='line_1_32' title="bbox 168 3121 1180 3207; baseline 0.002 -22"><span class='ocrx_word' id='word_1_218' title='bbox 168 3124 314 3187; x_wconf 90' lang='lat' dir='ltr'>consules</span> <span class='ocrx_word' id='word_1_219' title='bbox 347 3124 386 3186; x_wconf 90' lang='lat' dir='ltr'>ad</span> <span class='ocrx_word' id='word_1_220' title='bbox 419 3147 470 3187; x_wconf 93' lang='lat' dir='ltr'>me</span> <span class='ocrx_word' id='word_1_221' title='bbox 503 3125 612 3189; x_wconf 90' lang='lat' dir='ltr'>oculos</span> <span class='ocrx_word' id='word_1_222' title='bbox 644 3125 838 3206; x_wconf 86' lang='lat' dir='ltr'>retulissent,</span> <span class='ocrx_word' id='word_1_223' title='bbox 874 3121 1011 3188; x_wconf 76' lang='lat' dir='ltr'>‘Sciatis’</span> <span class='ocrx_word' id='word_1_224' title='bbox 1048 3125 1180 3207; x_wconf 90' lang='lat' dir='ltr'>inquam</span> 
     </span>
     <span class='ocr_line' id='line_1_33' title="bbox 168 3211 1180 3296; baseline 0.002 -21"><span class='ocrx_word' id='word_1_225' title='bbox 168 3211 325 3276; x_wconf 71' lang='lat' dir='ltr'>‘constare</span> <span class='ocrx_word' id='word_1_226' title='bbox 348 3213 442 3277; x_wconf 90' lang='lat' dir='ltr'>nobis</span> <span class='ocrx_word' id='word_1_227' title='bbox 467 3212 586 3276; x_wconf 89' lang='lat' dir='ltr'>silentii</span> <span class='ocrx_word' id='word_1_228' title='bbox 608 3213 711 3276; x_wconf 90' lang='lat' dir='ltr'>nostri</span> <span class='ocrx_word' id='word_1_229' title='bbox 734 3213 901 3296; x_wconf 89' lang='lat' dir='ltr'>rationem,</span> <span class='ocrx_word' id='word_1_230' title='bbox 925 3234 997 3276; x_wconf 92' lang='lat' dir='ltr'>cum</span> <span class='ocrx_word' id='word_1_231' title='bbox 1022 3235 1113 3277; x_wconf 84' lang='lat' dir='ltr'>veros</span> <span class='ocrx_word' id='word_1_232' title='bbox 1137 3214 1180 3278; x_wconf 91' lang='lat' dir='ltr'>le-</span> 
     </span>
     <span class='ocr_line' id='line_1_34' title="bbox 168 3298 1181 3388; baseline 0 -24"><span class='ocrx_word' id='word_1_233' title='bbox 168 3305 260 3387; x_wconf 89' lang='lat' dir='ltr'>gatos</span> <span class='ocrx_word' id='word_1_234' title='bbox 292 3301 476 3384; x_wconf 87' lang='lat' dir='ltr'>provinciae</span> <span class='ocrx_word' id='word_1_235' title='bbox 508 3301 694 3366; x_wconf 66' lang='lat' dir='ltr'>audieritis!</span> <span class='ocrx_word' id='word_1_236' title='bbox 741 3298 860 3365; x_wconf 83' lang='lat' dir='ltr'>Contra</span> <span class='ocrx_word' id='word_1_237' title='bbox 891 3300 1061 3388; x_wconf 86' lang='lat' dir='ltr'>Nigrinus:</span> <span class='ocrx_word' id='word_1_238' title='bbox 1117 3300 1181 3365; x_wconf 77' lang='lat' dir='ltr'>‘Ad</span> 
     </span>
    </p>
   </div>
   <div class='ocr_carea' id='block_1_8' title="bbox 131 3458 1180 3661">
    <p class='ocr_par' dir='ltr' id='par_1_12' title="bbox 131 3458 1180 3661">
     <span class='ocr_line' id='line_1_35' title="bbox 237 3458 1180 3528; baseline 0.001 -16"><span class='ocrx_word' id='word_1_239' title='bbox 237 3466 271 3512; x_wconf 76' lang='lat'>12</span> <span class='ocrx_word' id='word_1_240' title='bbox 292 3463 321 3514; x_wconf 85' lang='lat' dir='ltr'>et</span> <span class='ocrx_word' id='word_1_241' title='bbox 333 3460 444 3528; x_wconf 78' lang='lat' dir='ltr'>Dpra,</span> <span class='ocrx_word' id='word_1_242' title='bbox 461 3458 521 3513; x_wconf 79' lang='lat' dir='ltr'>otto</span> <span class='ocrx_word' id='word_1_243' title='bbox 536 3461 597 3524; x_wconf 83' lang='lat'>303,</span> <span class='ocrx_word' id='word_1_244' title='bbox 611 3474 661 3512; x_wconf 82' lang='lat' dir='ltr'>om.</span> <span class='ocrx_word' id='word_1_245' title='bbox 678 3459 721 3524; x_wconf 82' lang='lat' dir='ltr'>M,</span> <span class='ocrx_word' id='word_1_246' title='bbox 736 3459 774 3511; x_wconf 89' lang='lat' dir='ltr'>K.</span> <span class='ocrx_word' id='word_1_247' title='bbox 833 3463 867 3511; x_wconf 87' lang='grc'>20</span> <span class='ocrx_word' id='word_1_248' title='bbox 888 3458 963 3525; x_wconf 85' lang='lat' dir='ltr'>dieo;</span> <span class='ocrx_word' id='word_1_249' title='bbox 979 3458 1060 3511; x_wconf 87' lang='lat' dir='ltr'>adest</span> <span class='ocrx_word' id='word_1_250' title='bbox 1073 3460 1180 3527; x_wconf 73' lang='lat' dir='ltr'>interp,</span> 
     </span>
     <span class='ocr_line' id='line_1_36' title="bbox 148 3527 1117 3598; baseline 0.008 -24"><span class='ocrx_word' id='word_1_251' title='bbox 148 3527 215 3579; x_wconf 60' lang='lat' dir='ltr'>mm</span> <span class='ocrx_word' id='word_1_252' title='bbox 226 3531 287 3582; x_wconf 86' lang='lat' dir='ltr'>IX</span> <span class='ocrx_word' id='word_1_253' title='bbox 288 3535 333 3584; x_wconf 62' lang='lat'>12.</span> <span class='ocrx_word' id='word_1_254' title='bbox 345 3536 372 3598; x_wconf 82' lang='lat' dir='ltr'>I,</span> <span class='ocrx_word' id='word_1_255' title='bbox 393 3530 480 3585; x_wconf 84' lang='lat' dir='ltr'>dico?</span> <span class='ocrx_word' id='word_1_256' title='bbox 497 3531 558 3587; x_wconf 84' lang='lat' dir='ltr'>edd.</span> <span class='ocrx_word' id='word_1_257' title='bbox 580 3530 656 3587; x_wconf 81' lang='lat' dir='ltr'>Adn.</span> <span class='ocrx_word' id='word_1_258' title='bbox 676 3529 736 3586; x_wconf 80' lang='lat' dir='ltr'>crit.</span> <span class='ocrx_word' id='word_1_259' title='bbox 756 3529 794 3584; x_wconf 87' lang='lat' dir='ltr'>ud</span> <span class='ocrx_word' id='word_1_260' title='bbox 814 3529 869 3584; x_wconf 75' lang='lat' dir='ltr'>(lto.</span> <span class='ocrx_word' id='word_1_261' title='bbox 888 3531 946 3584; x_wconf 77' lang='lat' dir='ltr'>Aa.</span> <span class='ocrx_word' id='word_1_262' title='bbox 963 3547 991 3598; x_wconf 73' lang='lat' dir='ltr'>o.</span> <span class='ocrx_word' id='word_1_263' title='bbox 1005 3534 1065 3583; x_wconf 74' lang='lat'>514.</span> <span class='ocrx_word' id='word_1_264' title='bbox 1076 3534 1117 3582; x_wconf 82' lang='lat'>13.</span> 
     </span>
     <span class='ocr_line' id='line_1_37' title="bbox 131 3595 593 3661; baseline 0.022 -10"><span class='ocrx_word' id='word_1_265' title='bbox 131 3595 172 3642; x_wconf 76' lang='lat'>29</span> <span class='ocrx_word' id='word_1_266' title='bbox 192 3612 235 3661; x_wconf 76' lang='lat' dir='ltr'>op.</span> <span class='ocrx_word' id='word_1_267' title='bbox 261 3603 342 3654; x_wconf 81' lang='lat' dir='ltr'>esset</span> <span class='ocrx_word' id='word_1_268' title='bbox 360 3603 452 3659; x_wconf 86' lang='lat' dir='ltr'>etiam</span> <span class='ocrx_word' id='word_1_269' title='bbox 471 3622 512 3661; x_wconf 89' lang='lat' dir='ltr'>ne</span> <span class='ocrx_word' id='word_1_270' title='bbox 531 3605 593 3661; x_wconf 86' lang='lat' dir='ltr'>Dr.</span> 
     </span>
    </p>
   </div>
   <div class='ocr_carea' id='block_1_9' title="bbox 0 0 1258 3862">
    <p class='ocr_par' dir='ltr' id='par_1_13' title="bbox 0 0 1258 3862">
     <span class='ocr_line' id='line_1_38' title="bbox 0 0 1258 3862; baseline 0 0"><span class='ocrx_word' id='word_1_271' title='bbox 0 0 1258 3862; x_wconf 95' lang='lat' dir='ltr'> </span> 
     </span>
    </p>
   </div>
  </div>
 </body>
</html>
