2506 3862
416 207 674 261 EPISTULARUM
692 208 730 262 IV
751 214 826 262 1-3.
1083 208 1126 273 85

114 371 208 455 quasi
240 371 391 456 diligant,
421 374 563 453 cursant,
594 371 812 455 frequentant,
844 375 943 455 utque
979 372 1128 455 breviter,

114 461 202 544 quod
225 461 339 542 sentio,
362 460 534 543 enuntiem,
557 460 591 522 in
614 460 739 545 Regulo
759 461 947 524 demerendo
966 460 1126 546 Regulum

113 550 292 614 imitantur.
329 548 430 612 Tenet
416 552 486 612 tse
509 553 596 612 trans
615 548 756 612 Tiberim
775 550 810 613 in
827 548 940 632 hortis,
958 550 992 612 in
1011 550 1127 632 quibus
1146 565 1162 613 5

114 639 171 702 lat'
148 639 310 703 tissimum
339 638 443 703 solum
471 638 690 721 porticibus
682 639 845 721 minensis,
876 640 1027 722 ripams
1012 640 1127 703 statuis

91 729 182 794 esuis
207 727 429 810 occupavitu
408 731 484 791 uet
486 728 552 791 st
543 749 577 790 ιιι
600 748 724 791 summa
751 689 884 791 avaritia
912 731 1128 810 sumptuosus,

115 818 151 880 in
184 838 309 880 summa
340 816 473 880 infamia
503 817 670 901 gloriosus
723 815 828 880 Vexat
814 820 933 902 tergo
965 816 1162 880 civitatemc

116 906 399 970 insaluberrimot
385 909 529 989 tempore
552 908 593 988 et,
619 905 705 987 quod
727 909 831 989 vexat,
850 907 1003 969 solacium
1026 908 1127 989 putat.

115 993 206 1058 Dicit
234 1016 267 1058 se
291 995 372 1057 velle
396 995 510 1057 ducere
538 1015 685 1076 uxorem,
711 994 773 1057 hoc
801 1016 928 1077 quoque
956 995 1039 1059 sieut
1066 995 1128 1057 alia

116 1104 272 1167 perverse.
310 1080 430 1146 Audies
454 1083 544 1146 brevi
566 1083 696 1165 nuptias
714 1083 865 1168 lugentis,
883 1084 1011 1167 nuptias
1031 1085 1128 1165 senis3
1148 1099 1163 1146 ι

78 1199 102 1238 ιι
117 1194 255 1255 quorum
279 1174 414 1235 alterum
439 1172 656 1254 immaturum,
675 1173 810 1235 alterum
830 1194 936 1237 serum
955 1176 1010 1236 est.
1034 1170 1128 1236 Unde

115 1262 179 1325 hoc
211 1283 358 1346 augurer,
391 1261 524 1343 quaeris.
561 1259 638 1324 Non
670 1260 745 1343 quia
776 1261 924 1325 adfirmat
956 1263 1033 1345 ipse,
1064 1275 1163 1343 quos

114 1350 301 1414 mendacius
319 1349 402 1412 nihil
421 1353 478 1433 est,
497 1350 553 1414 sed
572 1350 647 1432 quia
665 1352 787 1413 certum
812 1353 860 1414 est
878 1350 1039 1436 Regulum
1060 1371 1128 1414 esse

115 1439 287 1522 facturum,
312 1439 468 1521 quidquid
490 1439 561 1502 fieri
583 1460 649 1502 non
672 1442 807 1522 oportet.
844 1438 933 1504 Vale.

596 1603 650 1664 ΙΠ.

77 1715 101 1754 ιι
291 1704 320 1752 c.
344 1703 483 1751 Pmnrus
506 1704 613 1751 Annio
636 1704 817 1751 anronmo
842 1704 906 1751 suo
931 1704 956 1752 s.

184 1793 276 1869 Quod
299 1794 398 1858 semel
421 1797 517 1876 atque
541 1794 657 1857 iteruin
681 1794 793 1857 consul
819 1794 911 1857 fuisti
939 1793 1053 1857 similis
1077 1815 1129 1855 an-
1150 1809 1163 1855 1

116 1884 230 1967 tiquis,
261 1884 347 1966 quod
376 1883 549 1966 proconsul
578 1879 688 1966 Asiae,
718 1883 821 1965 qualis
850 1886 923 1946 ante
950 1885 996 1966 te,
1026 1882 1130 1964 qualis

116 1976 246 2056 postte
269 1973 324 2034 vix
347 1993 430 2035 unus
454 1975 510 2035 aut
538 1972 619 2034 alter
642 1968 722 2057 (non
749 1972 826 2035 sinit
854 1972 939 2035 enim
966 1993 1017 2034 me
1045 1993 1130 2035 vere-

118 2061 234 2125 cundia
257 2064 313 2124 tua
337 2061 441 2124 dicere
464 2058 583 2146 nemo),
607 2061 694 2142 quod
717 2062 895 2144 sanctitate,
914 2062 1000 2144 quod
1023 2064 1130 2124 aucto-

77 2176 104 2216 ιι
117 2151 227 2233 ritate,
257 2152 360 2213 aetate
391 2171 518 2232 quoque
552 2149 699 2233 princeps
736 2150 889 2234 civitatis,
921 2152 970 2213 est
1002 2150 1130 2232 quidem

119 2239 300 2303 venerabile
329 2242 361 2301 et
388 2239 572 2321 pulchrum3
600 2259 659 2323 ego
688 2241 797 2301 tamen
824 2241 856 2302 te
883 2241 935 2302 vel
964 2239 1067 2322 magis
1098 2239 1132 2300 in

117 2327 361 2392 remissionibus
384 2328 491 2390 miror.
536 2326 621 2391 Nam
647 2328 849 2390 severitatem
873 2328 968 2391 istam
992 2327 1062 2409 pari
1085 2327 1165 2388 ius

119 2417 282 2481 cunditate
297 2416 425 2480 condire
441 2437 645 2498 summaeque
660 2416 811 2500 gravitati
825 2419 950 2479 tantum
971 2415 1131 2478 comitatis

120 2506 291 2590 adiungere
315 2527 381 2567 non
403 2505 510 2568 minus
534 2505 664 2568 difficile
690 2526 786 2586 quam
809 2526 963 2589 magnum
993 2506 1048 2566 est.
1094 2500 1132 2565 Id

78 2621 104 2660 ιι
120 2598 157 2658 tu
186 2614 257 2657 curn
285 2593 466 2657 incredibili
496 2594 632 2676 quadam
661 2594 818 2656 suavitate
848 2614 1031 2657 sermonum
1061 2594 1131 2654 tum

119 2683 171 2747 vel
194 2684 363 2766 praecipue
387 2683 461 2746 stilo
491 2682 681 2765 adsequeris.
726 2680 872 2746 Namt
840 2685 872 2745 et
898 2680 1044 2764 loquenti
1070 2680 1166 2743 tibis

120 2773 176 2836 illa
205 2771 371 2836 Homerici
402 2771 486 2836 senis
515 2773 611 2835 mella
640 2770 798 2854 profluere
828 2773 873 2853 et,
901 2792 982 2852 quae
1010 2769 1132 2852 scribis,

120 2863 280 2946 complere
304 2882 379 2944 apes
402 2860 591 2924 floribuset
577 2861 769 2923 tinnectere
788 2859 897 2923 vident
883 2863 943 2922 tur.
980 2857 1029 2922 Ita
1048 2862 1132 2922 certe

121 2972 192 3014 sum
216 2950 321 3014 adfect
307 2953 360 3014 tus
384 2950 461 3051 ipse,
484 2970 557 3012 cum
581 2945 699 3012 Graeca
722 2949 953 3033 epigrammata
975 2951 1040 3031 tua,
1059 2968 1132 3011 cum

80 3065 106 3104 ιο
120 3039 325 3103 mimiambos
360 3040 505 3122 proxime
540 3039 688 3122 legerem.
747 3036 908 3112 Quantum
945 3036 991 3099 ibi
1021 3037 1132 3100 huma·
1151 3051 1167 3097 4

120 3129 246 3212 nitatis,
278 3131 412 3191 venusta
394 3128 469 3210 atis,
501 3149 597 3209 quam
630 3126 735 3189 dulcia
767 3127 835 3209 illa,
868 3147 964 3208 quam
992 3126 1133 3208 antiqua,

122 3239 218 3300 quam
246 3220 361 3302 arguta
365 3267 374 3299 ,
402 3238 498 3298 quam
526 3218 593 3278 rect
580 3216 625 3277 tal
662 3212 893 3278 Callimachum
922 3236 973 3277 me
996 3214 1047 3277 vel
1069 3211 1133 3276 He-

120 3307 229 3388 roden,
248 3306 342 3369 vel
318 3326 346 3369 si
365 3305 442 3388 quid
459 3305 510 3368 his
529 3304 685 3387 melius,t
686 3325 778 3367 encre
797 3303 976 3367 credebam·
970 3324 1132 3385 ‚quorum

195 3450 227 3497 15
243 3443 355 3497 ARRIO
367 3444 658 3510 Ricc.,K.I,om.rell.
731 3447 765 3495 30
778 3442 955 3495 mimiambos
966 3443 1005 3506 D,
1019 3441 1134 3495 Skutsch

123 3517 217 3570 Herm.
238 3520 316 3570 1892.
332 3519 440 3583 317sq.,
468 3515 576 3568 iambos
599 3516 671 3584 culp.
779 3518 812 3566 31
839 3513 957 3582 antiqua
979 3512 1009 3566 F
1015 3513 1090 3567 Rice.
1106 3530 1133 3576 a,

125 3587 187 3642 Otto
200 3592 263 3653 299,
283 3585 409 3640 amantia
428 3588 466 3640 M
474 3587 589 3654 VDps,
604 3586 642 3639 K.
654 3586 734 3655 (disp.
746 3586 767 3638 I
772 3589 811 3654 9).
