2506 3862
404 219 661 274 EPISTULARUM
678 219 692 272 I
710 219 806 273 24-11
825 225 849 273 1.
1088 217 1131 283 29

118 384 179 448 tati
203 405 278 448 suae
301 383 456 448 interfuit.
493 382 685 447 Perfunctus
708 386 757 447 est
779 382 876 447 tertio
900 385 1077 468 consulatu,
1096 387 1133 448 ut

118 495 282 537 summum
301 472 468 558 fastigium
486 472 604 556 privati
622 470 762 536 hominis
786 470 931 555 inpleret,
951 494 1024 537 cum
1046 473 1131 556 prin·

119 561 199 646 cipis
218 561 383 626 noluisset.
421 559 578 643 Caesares,
600 560 716 644 quibus
735 564 901 645 suspectus
921 566 1016 644 atque
1035 562 1132 626 etiam
1152 585 1167 632 3

118 651 241 715 invisus
273 649 449 715 virtutibus
481 651 599 732 fuerat,
631 649 744 733 evasit,
776 650 908 734 reliquit
939 649 1133 715 incolumem

92 740 279 824 septimum
303 742 401 822 atque
420 738 650 803 amicissimum
671 740 835 823 tamquam
858 738 899 802 ad
921 738 1008 804 huno
1025 739 1132 824 ipsum

117 827 275 893 honorem
303 828 425 913 publici
452 828 574 892 funeris
604 832 791 893 reservatus.
837 825 968 891 Annum
1000 828 1168 899 tertium4

118 922 152 982 et
182 917 437 1004 octogensimum
468 917 605 981 excessit
635 918 671 980 in
702 917 860 981 altissima
889 917 1133 1000 tranquillitate,

119 1007 193 1090 pari
209 1005 422 1071 veneratione.
459 1004 545 1071 Usus
565 1009 614 1071 est
636 1005 729 1070 firma
751 1005 943 1089 valetudine,
966 1006 1028 1070 nisi
1047 1007 1134 1090 quod

120 1095 267 1160 solebant
285 1096 315 1158 ei
328 1116 442 1159 manus
461 1099 606 1178 tremere,
624 1095 705 1159 eitra
724 1094 867 1159 dolorem
881 1099 996 1159 tamen.
1015 1093 1133 1160 Aditus

77 1214 105 1254 ιο
118 1188 246 1250 tantum
269 1184 383 1248 mortis
411 1183 521 1247 durior
543 1184 747 1269 longiorque,
775 1185 833 1248 sed
858 1183 912 1249 hic
935 1185 1004 1268 ipse
1026 1184 1133 1248 lauda-

119 1273 203 1338 bilis.
247 1270 343 1356 Nam,
371 1294 444 1337 cum
471 1293 583 1337 vocem
611 1277 815 1356 praepararet
841 1276 970 1338 acturus
997 1274 1031 1336 in
1059 1293 1168 1343 oon-s

121 1363 229 1428 sulatu
260 1361 400 1446 principi
431 1362 564 1447 gratias,
596 1362 691 1445 liber,
724 1383 819 1445 quem
850 1362 933 1426 forte
970 1367 1134 1446 acceperat

120 1452 334 1538 grandiorem,
358 1455 390 1515 et
413 1451 481 1514 seni
505 1455 537 1515 et
560 1451 658 1517 stanti
677 1451 748 1535 ipso
767 1450 907 1536 pondere
931 1452 1057 1535 clapsus
1077 1455 1133 1516 est.

120 1540 217 1605 Hunc
240 1540 317 1603 dum
340 1539 485 1623 sequitur
509 1541 707 1625 colligitque,
735 1562 792 1623 per
818 1540 887 1604 leve
915 1544 948 1604 et
973 1541 1134 1604 lubricum

81 1657 107 1698 15
121 1630 343 1714 pavimentum
365 1627 497 1692 fallente
520 1630 657 1715 vestigio
684 1628 798 1692 cecidit
825 1650 1001 1712 coramque
1028 1629 1134 1715 fregit,

122 1741 204 1803 quae
223 1741 336 1802 parum
355 1721 430 1801 apte
448 1716 606 1784 collocata
624 1718 800 1782 reluctante
819 1720 922 1781 aetate
941 1716 1024 1780 male
1048 1718 1134 1781 coiit.
1181 1716 1184 1722 ’

120 1807 227 1871 Huius
259 1807 321 1871 viri
355 1807 508 1890 exequiae
544 1826 697 1890 magnum
730 1808 953 1870 ornamentum
985 1805 1169 1890 principie

122 1918 275 1982 magnum
298 1896 435 1978 saeculo,
458 1917 611 1981 magnum
640 1895 736 1959 etiam
764 1895 834 1958 foro
859 1898 892 1958 et
914 1895 1027 1960 rostris
1051 1894 1134 1959 attu-

121 1986 236 2049 lerunt.
281 1983 444 2049 Laudatus
468 1988 517 2049 est
539 2007 558 2048 a
581 1984 712 2048 consule
737 1981 885 2048 Cornelio
909 1982 1036 2069 Tacit03
1059 2006 1134 2048 nam

81 2101 109 2142 ro
122 2073 176 2138 hic
199 2096 366 2158 supremus
389 2073 538 2138 felicitati
561 2073 629 2137 eius
652 2075 799 2137 cumulus
823 2073 966 2156 accessit,
987 2073 1136 2138 laudator

123 2163 413 2246 eloquentissimus.
459 2162 503 2227 Et
533 2163 588 2226 ille
619 2162 748 2245 quidem
777 2163 891 2247 plenus
922 2162 1013 2226 annis
1046 2163 1170 2245 abiit,7

123 2253 239 2336 plenus
270 2252 457 2334 honoribus,
489 2251 555 2315 illis
589 2252 695 2334 etiam,
729 2271 809 2334 quos
836 2252 1009 2336 recusavit3
1041 2251 1135 2315 nobis

123 2345 234 2406 tamen
265 2341 464 2425 quaerendus
497 2363 534 2406 ao
567 2340 791 2404 desiderandus
824 2344 873 2405 est
904 2345 941 2404 ut
973 2341 1136 2422 exemplar

124 2430 196 2494 aevi
218 2430 343 2514 prioris,
362 2429 441 2493 mihi
464 2451 539 2493 vero
558 2430 738 2513 praecipue,
757 2429 814 2512 qui
831 2429 924 2493 illum
946 2450 1013 2493 non
1031 2429 1136 2492 solum

83 2518 254 2603 republica
273 2523 429 2602 quantum
448 2517 628 2582 admirabar
645 2522 772 2582 tantum
790 2517 977 2604 diligebam3
995 2517 1136 2600 primum

126 2607 213 2691 quod
244 2608 372 2691 utrique
404 2608 514 2671 eadem
545 2608 645 2692 regio,
676 2606 852 2689 municipia
883 2605 1035 2688 finitima,
1067 2606 1171 2692 agris

124 2696 222 2761 etiam
249 2696 531 2780 possessionesque
559 2696 763 2778 coniunctae,
786 2699 949 2778 praeterea
972 2695 1058 2778 quod
1081 2695 1136 2760 ille

124 2785 206 2849 mihi
233 2789 322 2849 tutor
352 2785 482 2851 relictus
516 2785 676 2850 adfectum
708 2785 849 2866 parentis
882 2783 1037 2849 exhibuit.
1084 2782 1137 2850 Sic

126 2874 329 2939 candidatum
357 2896 408 2938 me
437 2873 589 2958 suffragio
614 2873 748 2956 ornavit,
772 2873 817 2936 sio
841 2872 881 2936 ad
904 2895 1014 2937 omnes
1036 2872 1136 2937 hono-

84 2989 112 3030 ευ
125 2984 175 3028 res
203 2984 292 3027 meos
320 2985 359 3026 ex
387 2962 564 3028 secessibus
592 2962 782 3044 accucurrit,
814 2984 888 3027 oum
919 2963 983 3025 iam
1013 2963 1137 3046 pridem

126 3052 284 3117 eiusmodi
312 3051 427 3117 officiis
454 3051 678 3134 renuntiasset,
705 3051 751 3114 sio
774 3051 831 3114 illo
860 3051 918 3134 die,
949 3072 1012 3133 quo
1037 3072 1137 3115 saeer-

129 3141 221 3205 dotes
254 3141 359 3205 solent
389 3141 568 3224 nominare,
605 3161 686 3224 quos
719 3139 924 3225 dignissimos
960 3140 1137 3204 sacerdotio

125 3229 282 3314 iudicant,
310 3252 362 3294 me
389 3251 514 3314 semper
540 3229 735 3293 nominabat.
781 3228 866 3304 Quin
893 3228 990 3293 etiam
1017 3229 1052 3292 in
1077 3229 1171 3294 hace

125 3319 302 3384 novissima
328 3318 510 3383 valetudine
537 3319 672 3401 veritus,
698 3339 739 3382 ne
766 3318 849 3382 forte
876 3318 960 3382 inter
983 3318 1137 3400 quinque-

84 3433 112 3475 as
126 3408 213 3473 viros
237 3411 409 3491 crearetur,
438 3408 494 3491 qui
521 3407 701 3471 minuendis
724 3407 863 3491 publicis
886 3406 1068 3491 sumptibus
1091 3406 1137 3470 iu-

128 3495 212 3561 dicio
237 3499 365 3561 senatus
386 3495 670 3578 constituebantur,
689 3516 762 3559 cum
785 3495 834 3560 illi
856 3499 905 3560 tot
929 3495 1024 3560 amici
1047 3517 1138 3559 senes

127 3586 375 3670 consularesque
397 3590 608 3670 superessent,
630 3607 682 3649 me
704 3585 802 3651 huius
824 3584 958 3667 aetatis,
970 3606 1035 3667 per
1053 3603 1159 3662 quem
