2506 3862
110 214 173 279 112
544 219 573 276 0.
592 217 690 274 PLINI

60 395 88 443 *a
106 401 188 458 rum,
211 379 356 462 aliosque
379 382 564 466 splendidos
592 384 717 467 equites
744 381 916 447 Romanos.
963 376 1121 443 Curianus

108 468 229 551 orabat,
252 471 288 532 ut
311 469 374 534 sibi
397 470 550 537 donarem
573 473 755 558 portionem
783 491 887 535 meam
911 489 1009 552 seque
1031 489 1123 551 prae

107 556 226 621 iudicio
258 558 409 643 iurarem,
446 561 580 627 eandem
616 562 714 627 tacita
751 559 963 625 conventione
999 558 1122 621 salvam

73 662 88 711 3
107 647 189 711 mihi
211 647 435 730 pollicebatur·
467 649 715 735 Respondebam
742 671 810 714 non
832 647 1002 712 convenire
1024 646 1122 709 mori-

108 736 168 801 bus
195 737 280 801 meis.
303 737 391 801 aliud
417 740 538 823 palam,
562 739 650 805 aliud
677 746 772 825 agere
799 740 935 821 secreto,
957 738 1122 820 praeterea
1150 765 1162 805 a

107 847 174 890 non
196 847 269 890 esse·
288 827 367 891 satis
393 827 565 893 honestum
589 829 708 893 donare
735 831 768 892 et
789 826 945 910 locupleti
972 828 1004 889 et
1032 824 1121 907 orbo,

107 915 142 980 in
160 937 285 979 summa
303 937 370 980 non
387 917 593 1000 profuturum
612 919 650 1002 ei,
669 919 697 982 si
715 916 892 998 donassem,
906 914 1122 999 profuturum,

108 1004 136 1067 si
159 1004 334 1087 cessissem,
358 1027 427 1071 esse
449 1010 558 1072 autem
581 1030 633 1073 me
650 1010 798 1091 paratum
822 1003 941 1088 cedere,
961 1004 988 1069 si
1011 1003 1122 1085 inique

73 1092 336 1157 sexheredatum
359 1095 440 1159 mihi
463 1097 609 1180 liqueret.
649 1096 703 1161 Ad
729 1095 792 1159 hoc
819 1094 886 1159 ille:
923 1091 1048 1178 Rogo,
1071 1111 1122 1155 co·

108 1180 264 1266 gnoscas?
295 1179 470 1249 Cunctatus
488 1187 622 1269 paulum
642 1182 802 1250 ‘Faciam’
823 1184 955 1266 inquam
975 1181 999 1264 ‘3
1017 1202 1123 1264 neque
1136 1210 1163 1250 re

109 1270 195 1334 em'm
218 1269 321 1353 rideo,
345 1291 401 1336 cur
423 1274 491 1357 ipse
519 1297 571 1340 me
597 1275 755 1339 minorem
782 1275 908 1357 putem,
935 1292 1032 1354 quam
1060 1269 1123 1333 tibi

108 1357 226 1423 videor.
264 1356 328 1423 Sed
355 1361 419 1424 iam
446 1383 533 1427 nunc
559 1367 721 1428 memento
746 1382 813 1426 non
835 1360 1017 1425 defuturam
1040 1359 1122 1423 mihi

109 1448 337 1531 constantiam,
370 1450 397 1514 si
424 1451 471 1516 ita
496 1450 576 1516 fides
605 1451 745 1527 duxerit,
777 1449 952 1516 secundum
985 1452 1122 1513 matrem

56 1552 90 1601 ,5
109 1540 198 1601 tuam
217 1539 468 1621 pronuntiandi?
503 1539 561 1605 ‘Ut
578 1540 679 1605 voles'
698 1541 753 1623 ait,
772 1539 795 1623 ‘3
813 1540 902 1604 voles
921 1538 1016 1621 enim,
1035 1536 1123 1621 quod

109 1627 359 1710 aequissimum?
395 1625 541 1693 Adhibui
568 1630 603 1693 in
630 1630 801 1694 consilium
824 1627 917 1710 duos,
941 1648 1021 1710 quos
1045 1630 1124 1691 tunc
1138 1655 1163 1696 ra

110 1717 222 1781 civitas
240 1720 350 1781 nostra
369 1719 620 1801 spectatissimos
638 1719 764 1800 habuit,
782 1716 956 1782 Corellium
975 1719 1008 1780 et
1022 1714 1123 1780 Fron-

75 1807 222 1870 ctinum.
259 1804 321 1871 His
344 1806 560 1873 circumdatus
583 1809 619 1873 in
641 1807 789 1872 cubiculo
817 1828 889 1870 meo
918 1804 993 1869 sedi.
1029 1803 1123 1869 Dixit

110 1892 276 1977 Curianus,
299 1917 381 1978 quae
403 1917 462 1979 pro
487 1918 519 1961 se
542 1897 685 1981 putabat.
726 1894 891 1979 Respondi
913 1893 1024 1978 paucis
1048 1915 1122 1979 0803

109 2004 213 2065 neque
241 1983 326 2047 enim
354 1983 463 2049 aderat
491 1986 587 2068 alius,
615 1987 671 2069 qui
699 1986 866 2050 defunctae
893 1982 1049 2067 pudorem
1073 1986 1123 2046 tu-

110 2075 228 2153 eretur3
247 2070 362 2136 deinde
380 2074 495 2137 secessi
514 2077 546 2138 et
565 2097 604 2139 ex
623 2075 749 2139 consilii
772 2074 929 2138 sententia
958 2070 1123 2136 ‘Videtur'
1137 2100 1163 2140 aa

110 2161 242 2243 inquam
267 2161 287 2243 ³,
314 2158 460 2245 Curiano,
491 2167 595 2228 mater
620 2167 677 2227 tua
704 2164 805 2227 iustas
832 2162 983 2226 habuisse
1010 2181 1122 2224 causas

111 2248 268 2313 irascendi
295 2249 376 2313 tibi'
416 2250 495 2315 Post
521 2252 584 2316 hoc
611 2252 666 2317 ille
691 2272 764 2315 cum
792 2251 905 2316 ceteris
933 2250 1123 2333 subscripsit

78 2354 92 2402 7
112 2340 340 2402 centumvirale
364 2338 527 2423 iudicium,
549 2362 616 2405 non
634 2341 823 2424 subscripsit
845 2360 979 2404 mecum.
1017 2336 1123 2422 Adpe-

110 2429 199 2493 tebat
222 2427 333 2491 iudicii
356 2427 431 2492 dies.
471 2426 649 2494 Coheredes
672 2431 736 2493 mei
759 2450 939 2512 conponere
966 2431 998 2492 et
1020 2431 1123 2492 trans·

110 2519 197 2602 igere
221 2517 393 2600 cupiebant
419 2539 486 2580 non
511 2517 690 2582 diffidentia
713 2539 835 2601 causae,
858 2516 913 2582 sed
936 2519 1024 2581 metu
1042 2519 1122 2580 tem·
1137 2544 1163 2584 aa

109 2628 234 2690 porum.
275 2604 491 2688 Verebantur,
519 2607 605 2689 quod
634 2606 786 2671 videbant
817 2606 928 2670 multis
961 2604 1123 2686 accidisse,

75 2710 91 2758 8
110 2717 151 2759 ne
174 2717 213 2758 ex
237 2695 460 2759 centumvirali
479 2695 597 2761 iudicio
617 2697 731 2779 capitis
748 2697 796 2760 rei
815 2696 945 2759 exirent.
970 2694 1013 2757 Et
1031 2698 1123 2758 erant

112 2782 241 2866 quidam
270 2785 304 2846 in
332 2784 409 2867 illis,
438 2784 555 2867 quibus
583 2786 669 2849 obici
696 2789 728 2849 et
752 2782 903 2848 Gratillae
926 2784 1067 2847 amicitia
1091 2787 1123 2847 et

111 2871 236 2936 Rustici
262 2876 380 2955 posset.
416 2871 546 2957 Rogant
573 2897 637 2958 me,
666 2878 702 2938 ut
730 2894 802 2937 cnm
831 2869 969 2937 Curiano
998 2874 1121 2955 loquar.

76 2976 91 3024 9
112 2958 326 3025 Convenimus
350 2963 384 3025 in
402 2961 512 3026 aedem
531 2960 734 3028 Concordiae.
768 2960 819 3026 Ibi
841 2983 901 3046 ego
930 2959 981 3025 ‘si
1003 2962 1121 3026 mater'
1137 2988 1164 3028 ao

111 3050 242 3132 inquam
273 3049 321 3113 ‘te
345 3055 497 3135 exparte
520 3056 633 3134 quarta
657 3051 835 3136 scripsisset
857 3049 1021 3134 heredem,
1043 3072 1121 3114 num

112 3139 357 3221 queriposses?
391 3138 475 3215 Quid
498 3142 526 3204 si
548 3141 698 3206 heredem
717 3139 847 3224 quidem
870 3140 1064 3205 instituisset
1083 3162 1123 3204 ex

111 3249 189 3309 asse,
213 3226 269 3292 sed
290 3229 406 3314 legatis
430 3231 475 3293 ita
498 3230 706 3311 exhausisset,
728 3232 765 3293 ut
787 3250 854 3292 non
876 3230 1014 3312 amplius
1037 3229 1123 3313 apud

111 3319 144 3380 te
168 3339 263 3400 quam
288 3322 400 3401 quarta
423 3319 622 3383 remaneret?
651 3316 755 3403 Igitur
773 3317 919 3382 sufficere
939 3318 1001 3381 tibi
1019 3318 1123 3402 debet,

112 3406 140 3469 si
162 3406 372 3472 exheredatus
395 3430 414 3472 a
436 3410 538 3472 matre
562 3410 708 3490 quartam
735 3410 859 3490 partem
887 3406 928 3470 ab
950 3406 1123 3472 heredibus
1138 3433 1164 3472 aa

145 3597 186 3643 23
200 3611 320 3652 meeum
341 3619 401 3656 non
423 3603 606 3676 subscripsit
624 3603 766 3674 RFpro.
