2506 3862
362 212 617 267 PANEGYRIOUS
637 219 745 267 aaa-
758 219 831 268 aas.
1040 215 1105 278 329

91 378 183 441 illum
207 379 291 459 v010,
316 377 391 460 quia
414 376 580 441 Caesarem
598 377 726 440 fortiter
744 376 855 440 umat'.
892 375 1015 441 Eodem
1033 378 1105 442 foro

90 469 227 530 utuntur
249 466 449 549 principatus
474 470 506 529 et
527 465 668 549 libertas,
693 487 831 548 quaeque
853 466 1025 550 praecipua
1050 471 1106 530 tua

91 555 195 640 gloria
223 559 280 638 est,
309 555 434 639 saepius
463 555 603 618 vincitur
629 555 739 638 fiscus3
772 555 861 619 cuius
894 555 979 618 mala
1011 576 1106 620 causa
1135 594 1137 599 -

90 667 267 727 numquam
291 647 339 708 est
361 645 424 708 nisi
448 645 507 708 sub
531 644 616 708 bono
635 644 787 727 principe.
824 641 942 728 Ingens
960 644 1024 707 hoc
1041 659 1141 708 meo

64 734 204 816 sritum,
232 734 335 797 maius
364 733 454 815 illud,
483 732 568 816 quod
597 753 651 797 eos
679 737 902 815 procuratores
929 731 1041 816 habes,
1069 736 1105 796 ut

90 821 279 905 plerumque
300 823 384 886 cives
403 823 451 885 tui
471 844 536 886 non
554 822 635 886 alios
653 822 774 886 iudices
793 822 916 885 malint.
952 820 1105 886 Liberum

91 914 140 974 est
164 916 271 975 autem
296 911 472 995 discrimini
496 933 553 974 suo
576 911 684 975 locum
715 911 840 996 eligere.
876 908 991 993 Neque
1019 912 1105 974 enim

90 1001 190 1063 ullam
214 1001 436 1065 necessitatem
460 999 646 1064 muneribus
669 1001 734 1064 tuis
757 999 856 1082 addis,
883 1003 920 1063 ut
944 1001 999 1083 qui
1023 1000 1104 1065 scias

90 1089 174 1152 hanc
197 1111 265 1153 esse
289 1090 516 1153 beneficiorum
540 1089 767 1172 principalium
794 1111 961 1172 summam,
985 1090 1012 1152 si
1040 1089 1105 1152 illis

51 1205 76 1242 1c
91 1182 123 1241 et
146 1200 212 1242 non
234 1179 284 1242 uti
306 1180 389 1242 licet.

158 1266 262 1331 Onera
290 1268 417 1350 imperii
444 1267 597 1351 pleraque
626 1267 795 1352 vectigalia
824 1267 952 1330 institui
979 1269 1016 1329 ut
1046 1263 1156 1350 pr037

91 1357 231 1420 utilitate
246 1357 409 1424 communi
423 1357 469 1419 ita
482 1358 550 1420 siae
564 1357 763 1441 singulorum
779 1355 904 1419 iniuriis
923 1359 1104 1442 coegerunt.

90 1443 151 1509 His
175 1446 326 1509 vicesima
349 1449 475 1528 reperta
499 1449 556 1527 est,
579 1445 737 1508 tributum
761 1444 928 1508 tolerabile
957 1448 989 1508 et
1010 1445 1105 1508 facile

90 1533 261 1598 heredibus
277 1536 443 1597 dumtaxat
462 1535 630 1616 extraneis,
649 1534 832 1597 domesticis
852 1553 956 1618 grave.
993 1531 1105 1617 ltaque
1124 1551 1140 1597 2

51 1649 76 1688 15
92 1623 157 1686 illis
181 1624 356 1708 irrogatum
383 1628 440 1705 est,
462 1622 513 1686 his
536 1623 714 1705 remissum,
732 1623 882 1687 videlicet
901 1621 987 1705 quod
1005 1623 1106 1685 mani·

91 1712 211 1774 festum
235 1716 311 1794 erat,
335 1716 456 1796 quanto
480 1733 553 1775 cum
577 1712 687 1775 dolore
709 1710 806 1775 laturi
830 1733 886 1775 seu
908 1711 1016 1794 potius
1039 1733 1105 1775 non

91 1801 190 1864 laturi
212 1800 358 1865 homines
382 1805 489 1865 essent
508 1801 662 1885 destringi
682 1800 804 1882 aliquid
824 1804 855 1864 et
874 1800 984 1863 abradi
1002 1799 1105 1882 bonis,

93 1911 174 1972 quae
198 1891 363 1974 sanguine,
386 1891 577 1974 gentilitate,
604 1910 767 1953 sacrorum
790 1889 928 1972 denique
954 1890 1106 1953 societate

91 1979 291 2059 meruissent,
316 2001 460 2063 quaeque
483 1999 659 2062 numquam
687 1981 724 2043 ut
752 1979 855 2042 aliena
882 1981 915 2042 et
942 1979 1105 2062 speranda,

50 2095 76 2133 ro
92 2068 147 2130 sed
175 2072 211 2131 ut
240 2089 297 2131 sua
325 2089 513 2151 semperque
540 2089 688 2152 possessa
715 2088 752 2131 ac
779 2068 928 2151 deinceps
956 2068 1104 2150 proximo

91 2157 206 2239 cuique
226 2157 472 2221 transmittenda
491 2159 658 2241 cepissent.
686 2156 775 2221 Haec
793 2157 1004 2220 mansuetudo
1022 2157 1104 2242 legis
1123 2171 1140 2218 3

90 2245 252 2310 veteribus
276 2247 400 2310 civibus
425 2247 623 2329 servabatur3
646 2247 731 2329 novi,
760 2267 815 2310 scu
838 2268 895 2329 per
917 2245 1047 2308 Latium
1070 2247 1105 2308 in

91 2336 254 2399 civitatem
278 2357 335 2399 seu
357 2335 513 2400 beneficio
541 2335 696 2419 principis
720 2335 890 2417 venissent,
918 2335 981 2398 nisi
1009 2335 1105 2397 simul

90 2425 292 2509 cognationis
320 2425 389 2489 iura
416 2425 650 2508 impetrassent,
678 2423 866 2488 alienissimi
895 2423 1104 2506 habebantur,

50 2538 76 2577 25
92 2513 207 2593 quibus
227 2514 481 2578 coniunctissimi
495 2514 630 2578 fuerant.
659 2510 710 2576 lta
724 2513 899 2576 maximum
912 2511 1103 2576 beneficium
1122 2526 1139 2573 4

90 2603 274 2665 vertebatur
292 2604 326 2666 in
344 2604 567 2688 gravissimam
586 2602 745 2685 iniuriam,
765 2602 940 2686 civitasque
959 2601 1105 2664 Romana

91 2690 193 2754 instar
211 2696 279 2755 erat
299 2692 364 2754 odii
383 2695 415 2755 et
434 2692 611 2755 discordiae
626 2695 658 2754 et
672 2691 829 2773 orbitatis,
848 2711 921 2777 cum
940 2690 1104 2755 carissima

90 2780 226 2864 pignora
250 2782 337 2844 salva
358 2781 502 2864 ipsorum
520 2781 641 2864 pietate
660 2779 859 2844 distraheret.
895 2777 1138 2843 Invenieban-ts

90 2874 144 2932 tur
165 2873 283 2953 tamen,
307 2869 423 2951 quibus
447 2873 556 2933 tantus
580 2890 671 2932 amor
692 2869 832 2933 nominis
850 2869 953 2931 nostri
976 2869 1103 2950 inesset,

49 2984 75 3023 co
89 2962 126 3021 ut
157 2957 337 3022 Romanam
370 2958 533 3023 civitatem
565 2979 631 3022 non
662 2957 833 3021 vicesimae
860 2956 965 3041 modo,
992 2979 1102 3021 verum

162 3175 175 3220 1
205 3169 270 3222 nolo
295 3169 448 3223 Baehreast
470 3169 583 3233 BVur,
607 3167 717 3236 Sauppe
739 3167 813 3221 Phil.
829 3168 922 3221 XXX
936 3171 995 3221 136.
1086 3171 1101 3217 2

90 3256 218 3308 quaeque
241 3241 329 3308 Lapa,
354 3241 440 3306 ΚΠ,
464 3240 575 3305 Boebr,
599 3254 671 3305 quae
695 3239 780 3305 codd,
805 3240 873 3293 KJ.
966 3242 980 3289 7
1005 3236 1103 3290 discri-

90 3309 159 3363 mini
183 3328 232 3365 suo
256 3311 349 3365 locum
375 3311 440 3381 elig.
466 3311 562 3365 Modo.
587 3310 648 3364 ado.
664 3311 797 3376 111218,
825 3308 995 3362 discriminis
1022 3307 1102 3361 ‘nolo

90 3395 153 3432 eum
172 3382 292 3451 eligerc'
313 3384 385 3453 vaip.
460 3389 492 3435 12
512 3382 572 3434 sine
590 3381 655 3435 odd.
674 3381 770 3435 Mada.
791 3381 1032 3447 aduIII218aq,
1052 3395 1101 3433 om.

89 3458 161 3518 cett,
189 3452 260 3523 sing.
290 3471 353 3507 cum
380 3453 463 3506 iniur.
493 3453 594 3507 Baebr.
634 3483 668 3490 -
710 3467 837 3522 coegere.
862 3451 898 3502 iu
919 3449 972 3500 lde
997 3451 1121 3520 Budua

89 3525 222 3591 cogerent
240 3542 263 3578 o.
288 3527 422 3596 cogerent
444 3523 490 3579 his
514 3525 605 3593 codd„
628 3524 798 3594 coegerunt.
812 3522 852 3573 'uu
859 3519 918 3571 uus
933 3515 1035 3572 KR,
1052 3522 1144 3566 sape.

79 3594 236 3648 Brrrkllard
243 3613 277 3664 p.
287 3602 349 3652 174.
