2506 3862
447 207 704 262 EPISTULARUM
722 208 735 261 Ι
754 213 778 263 8.
1095 207 1115 271 9

105 369 167 455 Α1,
195 394 236 436 ne
259 372 388 457 longius
417 372 562 456 exempla
587 374 782 455 repetamus,
810 371 887 454 quid
914 370 1026 434 utilius
1053 371 1116 435 fuit
1153 387 1169 436 8

107 484 203 545 quam
221 461 459 525 munificentiae
476 462 635 525 rationem
654 461 750 524 etiam
766 460 840 523 stilo
859 461 1032 543 prosequi?
1055 458 1117 523 Per

104 551 167 616 hoo
195 552 281 614 enim
309 548 569 633 adsequebamur,
596 550 736 632 primum
764 553 801 612 ut
828 549 971 613 honestis
998 549 1116 634 cogita·
1152 620 1162 641 .

104 639 249 704 tionibus
263 640 503 721 inmoramur,
517 638 631 703 deinde
644 642 681 701 ut
697 637 969 722 pulchritudinem
987 638 1116 702 illarum

79 729 251 813 alongiore
281 731 419 792 tractatu
449 727 700 812 pervidemus,
733 731 895 812 postremo
925 731 962 791 ut
993 725 1117 792 subitae

104 816 288 902 largitionis
316 817 466 880 comitem
495 816 726 899 paenitentiam
758 837 950 881 caveremus.
999 814 1117 880 Nasce-

105 906 201 970 batur
228 927 266 969 ex
293 905 344 969 his
377 905 563 970 exercitatio
596 905 752 989 quaedam
783 905 1032 970 contemnendae
1063 927 1117 988 pe-

106 993 225 1060 cuniae.
262 992 357 1077 Nam,
381 1015 453 1058 cum
478 1016 588 1059 omnes
610 994 758 1058 homines
782 994 822 1057 ad
845 994 1025 1058 custodiam
1049 995 1116 1058 eius
1153 1009 1169 1058 9

105 1087 220 1147 natura
246 1083 461 1166 restrinxerit,
490 1105 549 1148 nos
581 1087 693 1148 contra
722 1085 861 1147 multum
891 1104 929 1147 ac
957 1083 1012 1147 diu
1042 1105 1117 1167 pen-

63 1199 92 1240 10
106 1172 221 1237 1111111
253 1194 344 1237 amor
373 1172 579 1236 liberalitatis
611 1172 833 1237 communibus
866 1172 1018 1237 111111111
1049 1171 1117 1235 vin-

106 1261 186 1326 culis
206 1260 375 1344 eximebat,
389 1265 544 1343 tantoque
561 1261 755 1325 laudabilior
774 1261 994 1326 munificentia
1007 1264 1118 1326 nostra

104 1350 173 1415 fore
206 1349 386 1434 ridebatur,
417 1351 503 1433 quod
535 1350 575 1414 ad
605 1350 695 1414 illam
721 1372 788 1414 non
815 1350 939 1436 impetu
969 1349 1118 1434 quodam,

106 1439 161 1504 sed
185 1439 319 1505 consilio
343 1439 556 1504 trahebamur.
603 1438 785 1504 Accedebat
811 1439 862 1503 his
891 1440 1004 1523 causis,
1031 1439 1118 1522 quod
1137 1454 1171 1502 10

105 1549 172 1593 non
194 1528 288 1594 ludos
312 1532 368 1592 aut
390 1527 593 1613 gladiatores,
616 1529 672 1593 sed
690 1551 814 1594 annuos
838 1532 985 1612 sumptus
1005 1527 1039 1591 in
1062 1527 1118 1592 ali·

65 1621 215 1684 ramenta
237 1617 452 1703 ingenuorum
474 1617 716 1701 pollicebamur.
763 1616 938 1682 Oculorum
965 1639 1061 1700 porro
1086 1621 1118 1680 et

108 1706 234 1770 aurium
256 1707 438 1790 1011111111
462 1706 540 1770 adeo
565 1728 633 1771 11011
655 1710 752 1791 egent
775 1705 1059 1788 commendatione,
1081 1709 1119 1769 ut

105 1815 171 1858 non
198 1799 266 1859 tam
294 1795 422 1861 incitari
449 1795 585 1859 debeant
612 1796 756 1860 oratione
784 1817 881 1878 quam
908 1794 1054 1877 reprimi3
1081 1797 1118 1857 ut
1137 1809 1169 1858 11

107 1905 182 1947 1111
211 1883 327 1967 aliquis
354 1885 492 1949 libenter
519 1883 717 1949 educationis
745 1884 886 1948 taedium
910 1884 1118 1965 laboremque

108 1972 272 2056 suscipiat,
293 1994 360 2037 non
382 1973 532 2057 praemiis
556 1972 661 2058 modo,
689 1995 800 2037 rerum
828 1973 925 2038 etiam
949 1972 1117 2056 exquisitis

65 2088 93 2128 ao
108 2060 386 2126 adhortationibus
410 2061 634 2146 impetrandum
659 2066 714 2126 est.
759 2060 854 2146 Nam,
880 2063 908 2125 si
931 2060 1047 2126 medici
1071 2077 1170 2125 sa-12

105 2150 227 2234 lubres,
256 2151 311 2215 sed
338 2149 505 2234 voluptate
533 2154 676 2216 carentes
704 2151 793 2215 cibos
822 2150 1042 2215 blandioribus
1065 2149 1118 2214 ad-

106 2238 225 2322 loquiis
249 2244 470 2324 prosecuntur,
494 2244 614 2324 quanto
638 2240 741 2325 magis
765 2240 871 2304 decuit
893 2239 1022 2323 publice
1046 2260 1119 2303 oon-

107 2327 265 2392 sulentem
284 2329 492 2393 utilissimum
511 2352 637 2411 munus,
656 2329 712 2393 sed
730 2351 796 2392 non
814 2329 944 2413 perinde
963 2328 1118 2413 populare

108 2417 259 2482 comitate
279 2418 433 2482 orationis
451 2417 624 2484 inducere?
642 2417 831 2501 praesertim
845 2439 918 2481 oum
933 2416 1119 2481 enitendum

66 2505 371 2589 1111111111111111,
395 2506 482 2589 quod
504 2506 691 2591 parentibus
715 2505 859 2584 dabatur,
883 2510 915 2570 et
938 2505 1023 2569 orbis
1046 2525 1119 2587 pro-

107 2594 248 2678 baretur,
269 2595 489 2678 honoremque
508 2617 685 2679 paucorum
709 2596 807 2660 ceteri
830 2595 989 2679 patienter
1012 2597 1044 2657 et
1068 2614 1119 2656 ex-

105 2687 272 2766 pectarent
301 2688 334 2748 et
363 2689 566 2748 mererentur.
614 2682 690 2769 Sed,
719 2688 756 2748 ut
785 2687 863 2747 tunc
894 2682 1118 2748 communibus
1138 2697 1172 2745 13

106 2773 211 2857 magis
236 2772 412 2837 commodis
433 2795 528 2856 quam
549 2772 694 2856 privatae
713 2772 884 2836 iactantiae
904 2772 1118 2854 studebamus,

108 2881 181 2925 eum
204 2861 415 2926 intentionem
439 2861 652 2945 effectumque
672 2862 813 2925 muneris
836 2862 940 2925 nostri
963 2861 1117 2925 1111111111

64 2975 93 3016 10
106 2950 262 3035 intellegi,
284 2950 331 3014 ita
352 2973 439 3017 nunc
461 2951 496 3014 in
519 2950 643 3016 ratione
662 2950 777 3014 edendi
799 2971 953 3033 ueremur,
975 2971 1016 3013 ne
1034 2950 1119 3013 forte

106 3060 173 3103 non
200 3039 337 3103 aliorum
365 3039 574 3123 utilitatibus,
604 3039 660 3105 sed
687 3040 835 3123 propriae
864 3040 953 3104 laudi
984 3036 1118 3102 11111111

106 3127 279 3192 videamur.
312 3126 481 3193 Praeterea
497 3128 711 3213 meminimus,
731 3133 851 3212 quanto
870 3128 991 3192 maiore
1010 3127 1117 3191 animo
1138 3142 1171 3189 14

106 3217 285 3282 honestatis
308 3218 432 3282 fructus
456 3219 490 3281 in
514 3217 709 3283 conscientia
737 3239 833 3300 quam
863 3217 897 3280 in
919 3216 1006 3281 fama
1028 3237 1119 3299 repo-

105 3310 209 3370 natur.
257 3304 355 3391 Sequi
383 3307 467 3370 enim
496 3306 608 3393 gloria,
635 3327 701 3370 non
729 3306 838 3390 adpeti
866 3306 969 3388 debet,
996 3324 1062 3386 nec,
1091 3304 1118 3368 11

64 3416 183 3461 111111
211 3396 320 3481 aliquo
348 3417 413 3460 non
442 3400 602 3479 sequatur,
630 3395 746 3459 idcirco
776 3395 862 3478 quod
890 3394 1025 3480 gloriam
1052 3413 1118 3457 non

178 3592 212 3641 31
231 3590 308 3644 alter.
326 3603 382 3641 non
400 3588 503 3656 Fpra,
525 3588 586 3641 Otto
598 3591 662 3654 296,
680 3603 733 3642 cm.
750 3588 812 3644 rell.
