2506 3862
152 209 216 272 170
586 207 613 262 O.
633 207 732 261 PLINI

150 369 333 455 Campana'.
378 370 467 435 lusta
495 393 590 436 causa
616 372 773 456 longioris
801 372 973 455 absentiae,
1001 394 1068 436 non
1094 395 1164 455 per-

113 465 263 545 apetuae
287 464 403 525 tamen.
450 459 536 536 Quin
558 482 634 546 ergo
658 460 830 544 aliquando
859 462 894 525 in
921 462 1033 525 urbem
1056 461 1164 526 redis?

147 551 205 614 ubi
238 549 385 635 dignitas,
417 550 530 633 honor,
562 550 721 614 amicitiae
754 552 821 613 tam
854 551 1032 634 superiores
1066 572 1164 634 quam

148 640 296 704 minores.
334 637 507 722 Quousque
526 638 697 725 regnabis?
721 660 887 722 quousque
906 639 1066 725 vigilabis,
1090 660 1164 703 cum

148 730 245 811 voles,
268 729 415 810 dormies,
439 750 535 812 quam
559 728 615 791 diu
638 728 753 792 voles?
776 749 942 811 quousque
966 729 1065 792 calcei
1090 750 1165 792 nus·
1193 754 1205 794 s

112 833 254 902 aquam,
282 821 359 903 toga
386 816 508 899 feriata,
535 817 618 880 liber
646 820 734 881 totus
763 817 851 881 dies?
879 817 1018 901 Tempus
1051 821 1099 881 est
1130 821 1164 882 11

147 907 284 971 revisere
306 907 471 970 molestias
494 910 620 971 nostras
643 908 695 971 vel
719 906 760 970 ob
779 905 842 971 hoc
860 907 973 988 solum,
992 929 1032 970 111
1051 908 1163 990 volup-

147 1000 230 1060 tates
267 996 346 1059 istae
385 997 531 1059 satietate
567 997 784 1080 languescant.
845 992 955 1059 Saluta
992 996 1164 1079 paulisper,

148 1106 211 1169 quo
243 1085 285 1148 sit
311 1083 373 1148 tibi
400 1084 570 1148 iucundius
598 1085 744 1166 salutari,
775 1087 876 1148 terere
908 1085 943 1148 in
969 1084 1030 1148 hac
1059 1084 1163 1168 turba,

112 1178 184 1238 cut
215 1176 247 1237 11
280 1172 420 1237 solitudo
454 1173 597 1239 delectet.
645 1171 707 1237 Sed
742 1172 819 1256 quid
851 1172 1033 1256 inprudens,
1066 1195 1162 1257 quem
1178 1199 1204 1239 10

147 1283 278 1327 evocare
306 1283 418 1345 conor,
445 1262 596 1327 retardo?
634 1260 783 1327 Fortasse
813 1263 898 1326 enim
925 1262 976 1327 his
1001 1263 1080 1346 ipsis
1109 1263 1162 1325 ad-

147 1352 295 1434 moneris,
324 1354 361 1414 ut
391 1354 423 1414 te
453 1353 556 1437 magis
586 1373 623 1415 ac
652 1352 755 1436 magis
787 1352 853 1416 ctio
883 1352 1042 1435 involvas,
1076 1351 1163 1435 quod

111 1455 216 1525 tego.
237 1462 303 1504 non
332 1440 490 1524 abrumpi,
520 1440 576 1504 sed
605 1440 776 1504 intermitti
805 1441 888 1506 volo.
935 1439 981 1505 Ut
1010 1440 1105 1525 enim,
1135 1441 1163 1504 si

147 1551 258 1593 cenam
289 1529 351 1594 tibi
383 1529 530 1612 facerem,
564 1529 712 1593 dulcibus
745 1528 825 1594 cibis
861 1549 949 1594 acres
986 1534 1162 1612 acutosque

146 1618 322 1700 miscerem,
354 1621 391 1682 ut
423 1618 556 1684 obtusus
589 1619 653 1682 illis
686 1623 719 1683 et
747 1619 866 1683 oblitus
896 1619 1080 1684 stomachus
1110 1619 1161 1682 his
1177 1645 1202 1685 1⁵

146 1709 347 1790 excitaretur,
374 1709 420 1771 ita
447 1730 533 1773 nunc
560 1707 681 1790 hortor,
709 1710 746 1771 ut
770 1707 1036 1773 iucundissimum
1059 1729 1161 1795 genus

145 1796 230 1862 vitae
248 1819 314 1862 non
332 1797 429 1861 nullis
448 1797 609 1861 interdum
629 1798 720 1889 quasi
738 1797 886 1862 acoribus
905 1798 1044 1862 condias.
1071 1796 1160 1861 Vale.

627 1962 679 2019 IV.

313 2061 341 2110 c.
363 2062 502 2109 anrus
526 2061 657 2111 Pcnmc
680 2062 857 2111 ancirano
882 2061 948 2111 suo
973 2062 999 2110 s,

113 2168 127 2215 1
214 2149 272 2215 Ais
290 2152 407 2236 legisse
425 2155 458 2215 te
476 2152 759 2234 hendecasyllabos
779 2174 880 2236 me0s3
899 2153 1035 2236 requiris
1054 2153 1160 2235 etiam,
1174 2179 1201 2219 ao

146 2261 240 2322 quem
255 2240 441 2305 admodum
461 2242 620 2324 coeperim
635 2242 781 2324 scribere,
794 2241 902 2325 borno,
916 2245 953 2305 ut
966 2242 1028 2305 tibi
1041 2241 1160 2326 videor,

110 2346 287 2413 assuerus,
320 2334 357 2394 ut
389 2330 456 2414 ipse
487 2330 604 2413 fateor,
635 2352 702 2393 non
733 2331 870 2414 ineptus.
922 2329 1108 2413 Numquam
1141 2353 1160 2393 a

144 2420 270 2503 poetice
294 2416 405 2506 (altius
428 2420 514 2483 1111111
537 2415 694 2505 repetam)
721 2420 843 2483 alienus
870 2420 932 2502 fui3
961 2418 1159 2501 quinetiam

146 2508 402 2593 quattuordecim
420 2512 515 2572 natus
534 2530 634 2573 annos
650 2506 801 2572 Graecam
819 2507 1018 2594 tragoediam
1038 2508 1159 2591 scripsi.

109 2596 301 2674 eQualem?
328 2598 444 2680 inquis.
485 2595 617 2682 Nesci03
649 2597 813 2683 tragoedia
845 2596 1027 2662 vocabatur.
1073 2596 1159 2676 Mox,
1174 2624 1199 2664 ss

145 2708 219 2752 cum
242 2709 259 2750 1
283 2687 399 2750 militia
421 2686 546 2751 rediens
569 2687 604 2750 in
627 2684 728 2751 Icaria
746 2687 851 2750 insula
869 2687 973 2750 ventis
992 2686 1159 2769 detinerer,

145 2775 276 2840 Latinos
301 2777 408 2861 elegos
431 2777 466 2839 in
488 2776 568 2839 illud
588 2776 693 2858 ipsum
716 2798 803 2839 mare
831 2776 997 2858 ipsamque
1020 2776 1158 2839 insulam

144 2865 214 2927 feci.
260 2864 422 2947 Expertus
446 2886 516 2928 sum
540 2887 590 2928 me
614 2864 786 2947 aliquando
814 2868 846 2928 et
873 2863 981 2946 heroo,
1004 2864 1158 2928 hendeca-

145 2952 277 3036 syllabis
299 2974 385 3037 nunc
408 2954 558 3037 primum,
581 2974 718 3035 quorum
741 2953 795 3018 hic
817 2950 943 3036 natalis,
966 2953 1045 3018 haec
1064 2974 1159 3017 causa

145 3045 206 3106 est:
242 3041 446 3126 Legebantur
473 3043 508 3105 in
530 3042 725 3107 Laurentino
750 3042 831 3106 mihi
852 3042 928 3107 libri
951 3040 1045 3106 Asini
1074 3040 1159 3106 Galli
1173 3068 1198 3108 1ο

145 3133 183 3195 de
203 3132 428 3213 conparatione
447 3132 547 3214 patris
566 3136 598 3195 11
618 3129 787 3196 Ciceronis.
824 3128 942 3196 Incidit
961 3131 1159 3216 epigramma

108 3236 125 3284 4
145 3218 306 3284 Ciceronis
329 3220 364 3283 111
387 3219 537 3284 Tironem
561 3242 663 3284 suum.
708 3219 800 3304 Dein,
824 3240 896 3284 cum
919 3220 1051 3284 meridie
1075 3217 1158 3307 (erat

26 3321 28 3325 ’
145 3310 230 3374 enim
253 3307 370 3393 aestas)
395 3308 591 3373 dormiturus
615 3331 665 3373 me
689 3311 888 3392 recepissem,
908 3330 968 3374 nec
991 3309 1158 3393 obreperet

195 3524 232 3568 11
248 3535 342 3573 revoc.
363 3522 464 3591 Pomp.
485 3521 577 3590 Laut,
597 3521 682 3594 culp„
703 3520 790 3576 ΚΠ.
875 3525 910 3574 tt
936 3517 1060 3572 allitans
1079 3520 1160 3585 udd.;

102 3583 152 3631 ad
162 3585 258 3640 VM&
339 3597 378 3646 32
396 3593 508 3650 deinde
523 3613 590 3668 pn
611 3595 649 3652 ad
665 3613 699 3668 p.
711 3598 774 3652 155.
786 3599 812 3650 6.
