<?xml version="1.0" encoding="UTF-8"?>
<!DOCTYPE html PUBLIC "-//W3C//DTD XHTML 1.0 Transitional//EN"
    "http://www.w3.org/TR/xhtml1/DTD/xhtml1-transitional.dtd">
<html xmlns="http://www.w3.org/1999/xhtml" xml:lang="en" lang="en">
 <head>
  <title>
</title>
<meta http-equiv="Content-Type" content="text/html;charset=utf-8" />
  <meta name='ocr-system' content='tesseract 3.04.00' />
  <meta name='ocr-capabilities' content='ocr_page ocr_carea ocr_par ocr_line ocrx_word'/>
</head>
<body>
  <div class='ocr_page' id='page_1' title='image "./cplinicaecilise04plingoog_0186.png"; bbox 0 0 2506 3862; ppageno 0'>
   <div class='ocr_carea' id='block_1_1' title="bbox 385 217 1103 280">
    <p class='ocr_par' dir='ltr' id='par_1_1' title="bbox 385 217 1103 280">
     <span class='ocr_line' id='line_1_1' title="bbox 385 217 1103 280; baseline -0.001 -8"><span class='ocrx_word' id='word_1_1' title='bbox 385 217 641 272; x_wconf 81' lang='lat' dir='ltr'>EPISTULARUM</span> <span class='ocrx_word' id='word_1_2' title='bbox 659 217 711 271; x_wconf 87' lang='lat' dir='ltr'>VH</span> <span class='ocrx_word' id='word_1_3' title='bbox 729 223 807 272; x_wconf 85' lang='grc'><strong>4-6.</strong></span> <span class='ocrx_word' id='word_1_4' title='bbox 1040 217 1103 280; x_wconf 77' lang='grc'>173</span> 
     </span>
    </p>
   </div>
   <div class='ocr_carea' id='block_1_2' title="bbox 21 380 1156 2873">
    <p class='ocr_par' dir='ltr' id='par_1_2' title="bbox 88 380 1156 733">
     <span class='ocr_line' id='line_1_2' title="bbox 90 380 1103 468; baseline -0.001 -22"><span class='ocrx_word' id='word_1_5' title='bbox 90 404 183 466; x_wconf 93' lang='lat' dir='ltr'>quem</span> <span class='ocrx_word' id='word_1_6' title='bbox 208 381 431 466; x_wconf 15' lang='lat' dir='ltr'>missi-sunt?</span> <span class='ocrx_word' id='word_1_7' title='bbox 468 381 555 468; x_wconf 82' lang='lat' dir='ltr'>Ego:</span> <span class='ocrx_word' id='word_1_8' title='bbox 587 380 651 445; x_wconf 77' lang='lat' dir='ltr'>‘Ad</span> <span class='ocrx_word' id='word_1_9' title='bbox 678 404 729 445; x_wconf 94' lang='lat' dir='ltr'>me</span> <span class='ocrx_word' id='word_1_10' title='bbox 760 402 901 465; x_wconf 72' lang='lat' dir='ltr'>quoque,</span> <span class='ocrx_word' id='word_1_11' title='bbox 925 381 1027 445; x_wconf 91' lang='lat' dir='ltr'>habeo</span> <span class='ocrx_word' id='word_1_12' title='bbox 1051 382 1103 445; x_wconf 89' lang='lat' dir='ltr'>de-</span> 
     </span>
     <span class='ocr_line' id='line_1_3' title="bbox 90 469 1156 555; baseline 0 -19"><span class='ocrx_word' id='word_1_13' title='bbox 90 475 212 536; x_wconf 90' lang='lat' dir='ltr'>cretum</span> <span class='ocrx_word' id='word_1_14' title='bbox 234 471 440 555; x_wconf 66' lang='lat' dir='ltr'>provinciae?</span> <span class='ocrx_word' id='word_1_15' title='bbox 476 471 599 535; x_wconf 83' lang='lat' dir='ltr'>Rursus</span> <span class='ocrx_word' id='word_1_16' title='bbox 622 471 690 534; x_wconf 91' lang='lat' dir='ltr'>ille:</span> <span class='ocrx_word' id='word_1_17' title='bbox 724 469 847 534; x_wconf 73' lang='lat' dir='ltr'>‘Potest</span> <span class='ocrx_word' id='word_1_18' title='bbox 870 470 930 533; x_wconf 88' lang='lat' dir='ltr'>tibi</span> <span class='ocrx_word' id='word_1_19' title='bbox 959 470 1102 554; x_wconf 68' lang='lat' dir='ltr'>liquere?</span> <span class='ocrx_word' id='word_1_20' title='bbox 1140 487 1156 536; x_wconf 81' lang='lat'>5</span> 
     </span>
     <span class='ocr_line' id='line_1_4' title="bbox 88 559 1104 646; baseline -0.001 -22"><span class='ocrx_word' id='word_1_21' title='bbox 88 559 140 624; x_wconf 92' lang='lat' dir='ltr'>Ad</span> <span class='ocrx_word' id='word_1_22' title='bbox 162 560 225 625; x_wconf 91' lang='lat' dir='ltr'>hoc</span> <span class='ocrx_word' id='word_1_23' title='bbox 248 582 322 646; x_wconf 83' lang='lat' dir='ltr'>ego:</span> <span class='ocrx_word' id='word_1_24' title='bbox 355 559 407 624; x_wconf 72' lang='lat' dir='ltr'>‘Si</span> <span class='ocrx_word' id='word_1_25' title='bbox 425 560 487 624; x_wconf 90' lang='lat' dir='ltr'>tibi</span> <span class='ocrx_word' id='word_1_26' title='bbox 506 583 545 624; x_wconf 84' lang='lat' dir='ltr'>ex</span> <span class='ocrx_word' id='word_1_27' title='bbox 564 559 688 624; x_wconf 86' lang='lat' dir='ltr'>diverso</span> <span class='ocrx_word' id='word_1_28' title='bbox 707 560 819 643; x_wconf 90' lang='lat' dir='ltr'>liquet,</span> <span class='ocrx_word' id='word_1_29' title='bbox 837 562 944 642; x_wconf 87' lang='lat' dir='ltr'>potest</span> <span class='ocrx_word' id='word_1_30' title='bbox 963 559 1104 642; x_wconf 90' lang='lat' dir='ltr'>etmihi,</span> 
     </span>
     <span class='ocr_line' id='line_1_5' title="bbox 90 647 1156 733; baseline 0.001 -20"><span class='ocrx_word' id='word_1_31' title='bbox 90 650 175 733; x_wconf 92' lang='lat' dir='ltr'>quod</span> <span class='ocrx_word' id='word_1_32' title='bbox 199 653 247 714; x_wconf 90' lang='lat' dir='ltr'>est</span> <span class='ocrx_word' id='word_1_33' title='bbox 265 650 390 733; x_wconf 90' lang='lat' dir='ltr'>melius,</span> <span class='ocrx_word' id='word_1_34' title='bbox 412 649 435 732; x_wconf 92' lang='lat'>†</span> <span class='ocrx_word' id='word_1_35' title='bbox 454 671 548 713; x_wconf 88' lang='lat' dir='ltr'>causa</span> <span class='ocrx_word' id='word_1_36' title='bbox 570 648 713 733; x_wconf 91' lang='lat' dir='ltr'>liquere.&#39;</span> <span class='ocrx_word' id='word_1_37' title='bbox 755 647 838 712; x_wconf 85' lang='lat' dir='ltr'>Tum</span> <span class='ocrx_word' id='word_1_38' title='bbox 861 649 986 733; x_wconf 82' lang='lat' dir='ltr'>legatus</span> <span class='ocrx_word' id='word_1_39' title='bbox 1009 648 1103 731; x_wconf 91' lang='lat' dir='ltr'>Poly·</span> <span class='ocrx_word' id='word_1_40' title='bbox 1141 666 1156 714; x_wconf 84' lang='grc'>6</span> 
     </span>
    </p>

    <p class='ocr_par' dir='ltr' id='par_1_3' title="bbox 63 738 1156 1178">
     <span class='ocr_line' id='line_1_6' title="bbox 63 738 1104 821; baseline -0.001 -17"><span class='ocrx_word' id='word_1_41' title='bbox 63 761 187 804; x_wconf 78' lang='grc'>11111111</span> <span class='ocrx_word' id='word_1_42' title='bbox 211 760 322 803; x_wconf 78' lang='lat' dir='ltr'><strong>causas</strong></span> <span class='ocrx_word' id='word_1_43' title='bbox 346 739 484 803; x_wconf 73' lang='lat' dir='ltr'>abolitae</span> <span class='ocrx_word' id='word_1_44' title='bbox 508 739 720 804; x_wconf 78' lang='lat' dir='ltr'><strong>accusationis</strong></span> <span class='ocrx_word' id='word_1_45' title='bbox 744 738 892 821; x_wconf 78' lang='lat' dir='ltr'>exposuit</span> <span class='ocrx_word' id='word_1_46' title='bbox 914 739 1104 821; x_wconf 79' lang='lat' dir='ltr'>postularit-</span> 
     </span>
     <span class='ocr_line' id='line_1_7' title="bbox 90 826 1104 912; baseline 0 -21"><span class='ocrx_word' id='word_1_47' title='bbox 90 849 161 911; x_wconf 92' lang='lat' dir='ltr'>que,</span> <span class='ocrx_word' id='word_1_48' title='bbox 192 851 232 891; x_wconf 92' lang='lat' dir='ltr'>ne</span> <span class='ocrx_word' id='word_1_49' title='bbox 263 828 442 912; x_wconf 75' lang='lat' dir='ltr'>cognitioni</span> <span class='ocrx_word' id='word_1_50' title='bbox 470 826 613 892; x_wconf 81' lang='lat' dir='ltr'>Caesaris</span> <span class='ocrx_word' id='word_1_51' title='bbox 640 827 871 910; x_wconf 90' lang='lat' dir='ltr'>praeiudicium</span> <span class='ocrx_word' id='word_1_52' title='bbox 898 827 997 891; x_wconf 91' lang='lat' dir='ltr'>fieret.</span> <span class='ocrx_word' id='word_1_53' title='bbox 1042 827 1104 891; x_wconf 88' lang='lat' dir='ltr'>Re-</span> 
     </span>
     <span class='ocr_line' id='line_1_8' title="bbox 90 913 1104 1002; baseline 0.001 -22"><span class='ocrx_word' id='word_1_54' title='bbox 90 917 220 1000; x_wconf 84' lang='lat' dir='ltr'>spondit</span> <span class='ocrx_word' id='word_1_55' title='bbox 251 915 388 1002; x_wconf 81' lang='lat' dir='ltr'>Magnus</span> <span class='ocrx_word' id='word_1_56' title='bbox 421 918 601 1001; x_wconf 87' lang='lat' dir='ltr'>iterumque</span> <span class='ocrx_word' id='word_1_57' title='bbox 628 916 817 1000; x_wconf 80' lang='lat' dir='ltr'>Polyaenus.</span> <span class='ocrx_word' id='word_1_58' title='bbox 862 913 935 999; x_wconf 90' lang='lat' dir='ltr'>Ipse</span> <span class='ocrx_word' id='word_1_59' title='bbox 967 938 1038 981; x_wconf 89' lang='lat' dir='ltr'>raro</span> <span class='ocrx_word' id='word_1_60' title='bbox 1072 920 1104 981; x_wconf 97' lang='lat' dir='ltr'>et</span> 
     </span>
     <span class='ocr_line' id='line_1_9' title="bbox 89 1006 1103 1070; baseline -0.001 0"><span class='ocrx_word' id='word_1_61' title='bbox 89 1007 228 1070; x_wconf 82' lang='lat' dir='ltr'>breviter</span> <span class='ocrx_word' id='word_1_62' title='bbox 251 1007 462 1070; x_wconf 83' lang='lat' dir='ltr'>interlocutus</span> <span class='ocrx_word' id='word_1_63' title='bbox 485 1008 624 1070; x_wconf 94' lang='lat' dir='ltr'>multum</span> <span class='ocrx_word' id='word_1_64' title='bbox 647 1029 699 1069; x_wconf 93' lang='lat' dir='ltr'>me</span> <span class='ocrx_word' id='word_1_65' title='bbox 717 1006 801 1069; x_wconf 92' lang='lat' dir='ltr'>intra</span> <span class='ocrx_word' id='word_1_66' title='bbox 823 1006 986 1069; x_wconf 91' lang='lat' dir='ltr'>silentium</span> <span class='ocrx_word' id='word_1_67' title='bbox 1005 1008 1103 1069; x_wconf 90' lang='lat' dir='ltr'>tenui.</span> 
     </span>
     <span class='ocr_line' id='line_1_10' title="bbox 89 1093 1156 1178; baseline 0.002 -20"><span class='ocrx_word' id='word_1_68' title='bbox 89 1093 209 1178; x_wconf 87' lang='lat' dir='ltr'>Accepi</span> <span class='ocrx_word' id='word_1_69' title='bbox 232 1095 318 1161; x_wconf 90' lang='lat' dir='ltr'>enim</span> <span class='ocrx_word' id='word_1_70' title='bbox 346 1117 412 1159; x_wconf 93' lang='lat' dir='ltr'>non</span> <span class='ocrx_word' id='word_1_71' title='bbox 435 1096 542 1159; x_wconf 89' lang='lat' dir='ltr'>minus</span> <span class='ocrx_word' id='word_1_72' title='bbox 569 1095 730 1158; x_wconf 90' lang='lat' dir='ltr'>interdum</span> <span class='ocrx_word' id='word_1_73' title='bbox 759 1095 934 1160; x_wconf 93' lang='lat' dir='ltr'>oratorium</span> <span class='ocrx_word' id='word_1_74' title='bbox 963 1117 1030 1158; x_wconf 90' lang='lat' dir='ltr'>esse</span> <span class='ocrx_word' id='word_1_75' title='bbox 1058 1098 1103 1159; x_wconf 90' lang='lat' dir='ltr'>ta-</span> <span class='ocrx_word' id='word_1_76' title='bbox 1142 1112 1156 1160; x_wconf 81' lang='grc'><strong>7</strong></span> 
     </span>
    </p>

    <p class='ocr_par' dir='ltr' id='par_1_4' title="bbox 50 1184 1103 1358">
     <span class='ocr_line' id='line_1_11' title="bbox 50 1184 1103 1268; baseline -0.001 -20"><span class='ocrx_word' id='word_1_77' title='bbox 50 1209 75 1249; x_wconf 88' lang='lat'>10</span> <span class='ocrx_word' id='word_1_78' title='bbox 89 1205 159 1248; x_wconf 91' lang='lat' dir='ltr'>cere</span> <span class='ocrx_word' id='word_1_79' title='bbox 192 1206 287 1268; x_wconf 90' lang='lat' dir='ltr'>quam</span> <span class='ocrx_word' id='word_1_80' title='bbox 321 1184 424 1248; x_wconf 88' lang='lat' dir='ltr'>dicere</span> <span class='ocrx_word' id='word_1_81' title='bbox 456 1189 552 1268; x_wconf 91' lang='lat' dir='ltr'>atque</span> <span class='ocrx_word' id='word_1_82' title='bbox 584 1185 663 1248; x_wconf 89' lang='lat' dir='ltr'>adeo</span> <span class='ocrx_word' id='word_1_83' title='bbox 691 1188 800 1267; x_wconf 89' lang='lat' dir='ltr'>repeto</span> <span class='ocrx_word' id='word_1_84' title='bbox 828 1206 880 1247; x_wconf 91' lang='lat' dir='ltr'>me</span> <span class='ocrx_word' id='word_1_85' title='bbox 912 1184 1103 1267; x_wconf 87' lang='lat' dir='ltr'>quibusdam</span> 
     </span>
     <span class='ocr_line' id='line_1_12' title="bbox 90 1273 1103 1358; baseline 0.001 -22"><span class='ocrx_word' id='word_1_86' title='bbox 90 1273 203 1357; x_wconf 90' lang='lat' dir='ltr'>capitis</span> <span class='ocrx_word' id='word_1_87' title='bbox 226 1275 288 1336; x_wconf 93' lang='lat' dir='ltr'>reis</span> <span class='ocrx_word' id='word_1_88' title='bbox 312 1274 364 1337; x_wconf 86' lang='lat' dir='ltr'>vel</span> <span class='ocrx_word' id='word_1_89' title='bbox 390 1275 493 1358; x_wconf 84' lang='lat' dir='ltr'>magis</span> <span class='ocrx_word' id='word_1_90' title='bbox 522 1274 649 1338; x_wconf 89' lang='lat' dir='ltr'>silentio</span> <span class='ocrx_word' id='word_1_91' title='bbox 680 1295 777 1357; x_wconf 90' lang='lat' dir='ltr'>quam</span> <span class='ocrx_word' id='word_1_92' title='bbox 806 1273 949 1337; x_wconf 87' lang='lat' dir='ltr'>oratione</span> <span class='ocrx_word' id='word_1_93' title='bbox 977 1294 1103 1338; x_wconf 90' lang='lat' dir='ltr'>accura-</span> 
     </span>
    </p>

    <p class='ocr_par' dir='ltr' id='par_1_5' title="bbox 89 1362 403 1446">
     <span class='ocr_line' id='line_1_13' title="bbox 89 1362 403 1446; baseline 0 -20"><span class='ocrx_word' id='word_1_94' title='bbox 89 1363 212 1426; x_wconf 90' lang='lat' dir='ltr'>tissima</span> <span class='ocrx_word' id='word_1_95' title='bbox 235 1362 403 1446; x_wconf 82' lang='lat' dir='ltr'>profuisse.</span> 
     </span>
    </p>

    <p class='ocr_par' dir='ltr' id='par_1_6' title="bbox 21 1448 1156 1625">
     <span class='ocr_line' id='line_1_14' title="bbox 21 1448 1156 1538; baseline 0.001 -23"><span class='ocrx_word' id='word_1_96' title='bbox 21 1453 24 1457; x_wconf 70' lang='grc'><em>’</em></span> <span class='ocrx_word' id='word_1_97' title='bbox 155 1451 259 1516; x_wconf 89' lang='lat' dir='ltr'>Mater</span> <span class='ocrx_word' id='word_1_98' title='bbox 281 1452 400 1516; x_wconf 90' lang='lat' dir='ltr'>amisso</span> <span class='ocrx_word' id='word_1_99' title='bbox 424 1452 491 1514; x_wconf 90' lang='lat' dir='ltr'>filio</span> <span class='ocrx_word' id='word_1_100' title='bbox 515 1448 606 1538; x_wconf 86' lang='lat' dir='ltr'>(quid</span> <span class='ocrx_word' id='word_1_101' title='bbox 625 1451 711 1515; x_wconf 90' lang='lat' dir='ltr'>enim</span> <span class='ocrx_word' id='word_1_102' title='bbox 729 1451 889 1535; x_wconf 88' lang='lat' dir='ltr'>prohibet,</span> <span class='ocrx_word' id='word_1_103' title='bbox 908 1473 1103 1534; x_wconf 91' lang='lat' dir='ltr'>quamquam</span> <span class='ocrx_word' id='word_1_104' title='bbox 1140 1468 1156 1516; x_wconf 88' lang='lat'>8</span> 
     </span>
     <span class='ocr_line' id='line_1_15' title="bbox 89 1539 1103 1625; baseline 0 -20"><span class='ocrx_word' id='word_1_105' title='bbox 89 1542 151 1605; x_wconf 88' lang='lat' dir='ltr'>alia</span> <span class='ocrx_word' id='word_1_106' title='bbox 174 1542 256 1605; x_wconf 93' lang='lat' dir='ltr'>ratio</span> <span class='ocrx_word' id='word_1_107' title='bbox 281 1540 466 1604; x_wconf 82' lang='lat' dir='ltr'>scribendae</span> <span class='ocrx_word' id='word_1_108' title='bbox 490 1541 645 1624; x_wconf 88' lang='lat' dir='ltr'>epistulae</span> <span class='ocrx_word' id='word_1_109' title='bbox 667 1541 774 1624; x_wconf 87' lang='lat' dir='ltr'>fuerit,</span> <span class='ocrx_word' id='word_1_110' title='bbox 798 1539 836 1604; x_wconf 91' lang='lat' dir='ltr'>de</span> <span class='ocrx_word' id='word_1_111' title='bbox 860 1540 973 1604; x_wconf 87' lang='lat' dir='ltr'>studiis</span> <span class='ocrx_word' id='word_1_112' title='bbox 997 1540 1103 1625; x_wconf 86' lang='lat' dir='ltr'>dispu-</span> 
     </span>
    </p>

    <p class='ocr_par' dir='ltr' id='par_1_7' title="bbox 50 1627 1156 2073">
     <span class='ocr_line' id='line_1_16' title="bbox 50 1627 1104 1715; baseline -0.002 -20"><span class='ocrx_word' id='word_1_113' title='bbox 50 1655 75 1695; x_wconf 85' lang='lat'>15</span> <span class='ocrx_word' id='word_1_114' title='bbox 90 1627 193 1715; x_wconf 66' lang='lat' dir='ltr'>taret)</span> <span class='ocrx_word' id='word_1_115' title='bbox 216 1630 349 1694; x_wconf 90' lang='lat' dir='ltr'>libertos</span> <span class='ocrx_word' id='word_1_116' title='bbox 373 1631 441 1694; x_wconf 91' lang='lat' dir='ltr'>eius</span> <span class='ocrx_word' id='word_1_117' title='bbox 465 1630 656 1713; x_wconf 88' lang='lat' dir='ltr'>eosdemque</span> <span class='ocrx_word' id='word_1_118' title='bbox 681 1629 850 1694; x_wconf 87' lang='lat' dir='ltr'>coheredes</span> <span class='ocrx_word' id='word_1_119' title='bbox 878 1651 952 1693; x_wconf 90' lang='lat' dir='ltr'>suos</span> <span class='ocrx_word' id='word_1_120' title='bbox 975 1629 1049 1692; x_wconf 89' lang='lat' dir='ltr'>falsi</span> <span class='ocrx_word' id='word_1_121' title='bbox 1072 1633 1104 1694; x_wconf 94' lang='lat' dir='ltr'>et</span> 
     </span>
     <span class='ocr_line' id='line_1_17' title="bbox 89 1718 1103 1803; baseline 0 -21"><span class='ocrx_word' id='word_1_122' title='bbox 89 1720 234 1783; x_wconf 87' lang='lat' dir='ltr'>veneficii</span> <span class='ocrx_word' id='word_1_123' title='bbox 257 1740 328 1783; x_wconf 92' lang='lat' dir='ltr'>reos</span> <span class='ocrx_word' id='word_1_124' title='bbox 353 1718 510 1783; x_wconf 90' lang='lat' dir='ltr'>detulerat</span> <span class='ocrx_word' id='word_1_125' title='bbox 533 1720 573 1783; x_wconf 92' lang='lat' dir='ltr'>ad</span> <span class='ocrx_word' id='word_1_126' title='bbox 595 1720 772 1803; x_wconf 86' lang='lat' dir='ltr'>principem</span> <span class='ocrx_word' id='word_1_127' title='bbox 792 1719 993 1800; x_wconf 89' lang='lat' dir='ltr'>iudicemque</span> <span class='ocrx_word' id='word_1_128' title='bbox 1016 1720 1103 1802; x_wconf 89' lang='lat' dir='ltr'>inpe-</span> 
     </span>
     <span class='ocr_line' id='line_1_18' title="bbox 89 1806 1156 1893; baseline 0.001 -21"><span class='ocrx_word' id='word_1_129' title='bbox 89 1812 228 1872; x_wconf 89' lang='lat' dir='ltr'>traverat</span> <span class='ocrx_word' id='word_1_130' title='bbox 251 1806 369 1871; x_wconf 88' lang='lat' dir='ltr'>lulium</span> <span class='ocrx_word' id='word_1_131' title='bbox 399 1806 595 1872; x_wconf 85' lang='lat' dir='ltr'>Servianum.</span> <span class='ocrx_word' id='word_1_132' title='bbox 641 1807 854 1873; x_wconf 85' lang='lat' dir='ltr'>Defenderam</span> <span class='ocrx_word' id='word_1_133' title='bbox 881 1829 952 1871; x_wconf 89' lang='lat' dir='ltr'>reos</span> <span class='ocrx_word' id='word_1_134' title='bbox 979 1807 1104 1893; x_wconf 83' lang='lat' dir='ltr'>ingenti</span> <span class='ocrx_word' id='word_1_135' title='bbox 1140 1825 1156 1873; x_wconf 85' lang='lat'>9</span> 
     </span>
     <span class='ocr_line' id='line_1_19' title="bbox 91 1896 1103 1980; baseline 0.002 -21"><span class='ocrx_word' id='word_1_136' title='bbox 91 1896 220 1978; x_wconf 89' lang='lat' dir='ltr'>quidem</span> <span class='ocrx_word' id='word_1_137' title='bbox 254 1901 361 1980; x_wconf 78' lang='lat' dir='ltr'>coetu3</span> <span class='ocrx_word' id='word_1_138' title='bbox 394 1902 461 1962; x_wconf 90' lang='lat' dir='ltr'>erat</span> <span class='ocrx_word' id='word_1_139' title='bbox 493 1897 579 1961; x_wconf 90' lang='lat' dir='ltr'>enim</span> <span class='ocrx_word' id='word_1_140' title='bbox 611 1919 707 1962; x_wconf 88' lang='lat' dir='ltr'>causa</span> <span class='ocrx_word' id='word_1_141' title='bbox 738 1898 915 1980; x_wconf 87' lang='lat' dir='ltr'>notissima,</span> <span class='ocrx_word' id='word_1_142' title='bbox 940 1900 1103 1980; x_wconf 87' lang='lat' dir='ltr'>praeterea</span> 
     </span>
     <span class='ocr_line' id='line_1_20' title="bbox 90 1985 1103 2073; baseline 0.002 -25"><span class='ocrx_word' id='word_1_143' title='bbox 90 1987 254 2068; x_wconf 88' lang='lat' dir='ltr'>utrimque</span> <span class='ocrx_word' id='word_1_144' title='bbox 273 1986 402 2071; x_wconf 83' lang='lat' dir='ltr'>ingenia</span> <span class='ocrx_word' id='word_1_145' title='bbox 421 1987 604 2051; x_wconf 90' lang='lat' dir='ltr'>clarissima.</span> <span class='ocrx_word' id='word_1_146' title='bbox 629 1985 742 2050; x_wconf 86' lang='lat' dir='ltr'>Finem</span> <span class='ocrx_word' id='word_1_147' title='bbox 762 1987 940 2073; x_wconf 85' lang='lat' dir='ltr'>cognitioni</span> <span class='ocrx_word' id='word_1_148' title='bbox 959 1987 1103 2069; x_wconf 90' lang='lat' dir='ltr'>quaestio</span> 
     </span>
    </p>

    <p class='ocr_par' dir='ltr' id='par_1_8' title="bbox 50 2075 1156 2516">
     <span class='ocr_line' id='line_1_21' title="bbox 50 2075 1156 2158; baseline -0.002 -16"><span class='ocrx_word' id='word_1_149' title='bbox 50 2102 76 2141; x_wconf 84' lang='lat' dir='ltr'>ac</span> <span class='ocrx_word' id='word_1_150' title='bbox 90 2076 246 2158; x_wconf 69' lang='lat' dir='ltr'>inposuit,</span> <span class='ocrx_word' id='word_1_151' title='bbox 279 2095 360 2157; x_wconf 88' lang='lat' dir='ltr'>quae</span> <span class='ocrx_word' id='word_1_152' title='bbox 393 2076 567 2139; x_wconf 89' lang='lat' dir='ltr'>secundum</span> <span class='ocrx_word' id='word_1_153' title='bbox 599 2098 670 2140; x_wconf 87' lang='lat' dir='ltr'>reos</span> <span class='ocrx_word' id='word_1_154' title='bbox 704 2076 797 2140; x_wconf 88' lang='lat' dir='ltr'>dedit.</span> <span class='ocrx_word' id='word_1_155' title='bbox 853 2075 969 2139; x_wconf 90' lang='lat' dir='ltr'>Postea</span> <span class='ocrx_word' id='word_1_156' title='bbox 1001 2079 1103 2139; x_wconf 90' lang='lat' dir='ltr'>mater</span> <span class='ocrx_word' id='word_1_157' title='bbox 1124 2093 1156 2140; x_wconf 90' lang='lat'>10</span> 
     </span>
     <span class='ocr_line' id='line_1_22' title="bbox 90 2165 1103 2248; baseline 0.002 -21"><span class='ocrx_word' id='word_1_158' title='bbox 90 2165 169 2227; x_wconf 91' lang='lat' dir='ltr'>adiit</span> <span class='ocrx_word' id='word_1_159' title='bbox 191 2165 378 2247; x_wconf 91' lang='lat' dir='ltr'>principem,</span> <span class='ocrx_word' id='word_1_160' title='bbox 401 2165 583 2229; x_wconf 83' lang='lat' dir='ltr'>adfirmavit</span> <span class='ocrx_word' id='word_1_161' title='bbox 606 2187 639 2228; x_wconf 91' lang='lat' dir='ltr'>se</span> <span class='ocrx_word' id='word_1_162' title='bbox 661 2187 761 2230; x_wconf 87' lang='lat' dir='ltr'>novas</span> <span class='ocrx_word' id='word_1_163' title='bbox 787 2166 993 2248; x_wconf 90' lang='lat' dir='ltr'>probationes</span> <span class='ocrx_word' id='word_1_164' title='bbox 1017 2165 1103 2229; x_wconf 88' lang='lat' dir='ltr'>inve-</span> 
     </span>
     <span class='ocr_line' id='line_1_23' title="bbox 89 2251 1103 2336; baseline 0.001 -20"><span class='ocrx_word' id='word_1_165' title='bbox 89 2255 182 2317; x_wconf 90' lang='lat' dir='ltr'>nisse.</span> <span class='ocrx_word' id='word_1_166' title='bbox 228 2252 438 2336; x_wconf 88' lang='lat' dir='ltr'>Praeceptum</span> <span class='ocrx_word' id='word_1_167' title='bbox 467 2258 515 2317; x_wconf 90' lang='lat' dir='ltr'>est</span> <span class='ocrx_word' id='word_1_168' title='bbox 544 2251 728 2336; x_wconf 88' lang='lat' dir='ltr'>Suburano,</span> <span class='ocrx_word' id='word_1_169' title='bbox 755 2257 792 2316; x_wconf 90' lang='lat' dir='ltr'>ut</span> <span class='ocrx_word' id='word_1_170' title='bbox 820 2257 946 2319; x_wconf 87' lang='lat' dir='ltr'>vacaret</span> <span class='ocrx_word' id='word_1_171' title='bbox 978 2254 1103 2317; x_wconf 89' lang='lat' dir='ltr'>finitam</span> 
     </span>
     <span class='ocr_line' id='line_1_24' title="bbox 91 2341 1154 2425; baseline 0 -19"><span class='ocrx_word' id='word_1_172' title='bbox 91 2365 218 2407; x_wconf 87' lang='lat' dir='ltr'>causam</span> <span class='ocrx_word' id='word_1_173' title='bbox 237 2344 434 2425; x_wconf 83' lang='lat' dir='ltr'>retractanti,</span> <span class='ocrx_word' id='word_1_174' title='bbox 452 2344 480 2406; x_wconf 90' lang='lat' dir='ltr'>si</span> <span class='ocrx_word' id='word_1_175' title='bbox 500 2342 577 2425; x_wconf 92' lang='lat' dir='ltr'>quid</span> <span class='ocrx_word' id='word_1_176' title='bbox 595 2343 671 2407; x_wconf 88' lang='lat' dir='ltr'>novi</span> <span class='ocrx_word' id='word_1_177' title='bbox 690 2343 835 2406; x_wconf 86' lang='lat' dir='ltr'>adferret.</span> <span class='ocrx_word' id='word_1_178' title='bbox 869 2341 989 2407; x_wconf 83' lang='lat' dir='ltr'>Aderat</span> <span class='ocrx_word' id='word_1_179' title='bbox 1008 2344 1103 2406; x_wconf 89' lang='lat' dir='ltr'>matri</span> <span class='ocrx_word' id='word_1_180' title='bbox 1124 2359 1154 2406; x_wconf 89' lang='lat'>11</span> 
     </span>
     <span class='ocr_line' id='line_1_25' title="bbox 90 2429 1103 2516; baseline 0.001 -23"><span class='ocrx_word' id='word_1_181' title='bbox 90 2429 191 2494; x_wconf 90' lang='lat' dir='ltr'>Iulius</span> <span class='ocrx_word' id='word_1_182' title='bbox 214 2430 394 2508; x_wconf 76' lang='lat' dir='ltr'>Africanus,</span> <span class='ocrx_word' id='word_1_183' title='bbox 416 2453 517 2516; x_wconf 89' lang='lat' dir='ltr'>nepos</span> <span class='ocrx_word' id='word_1_184' title='bbox 539 2433 626 2496; x_wconf 87' lang='lat' dir='ltr'>illius</span> <span class='ocrx_word' id='word_1_185' title='bbox 650 2433 794 2514; x_wconf 87' lang='lat' dir='ltr'>oratoris,</span> <span class='ocrx_word' id='word_1_186' title='bbox 818 2453 881 2515; x_wconf 94' lang='lat' dir='ltr'>quo</span> <span class='ocrx_word' id='word_1_187' title='bbox 901 2432 1010 2495; x_wconf 90' lang='lat' dir='ltr'>audito</span> <span class='ocrx_word' id='word_1_188' title='bbox 1029 2430 1103 2495; x_wconf 88' lang='lat' dir='ltr'>Pas-</span> 
     </span>
    </p>

    <p class='ocr_par' dir='ltr' id='par_1_9' title="bbox 50 2518 1104 2873">
     <span class='ocr_line' id='line_1_26' title="bbox 50 2518 1103 2604; baseline -0.004 -18"><span class='ocrx_word' id='word_1_189' title='bbox 50 2521 196 2586; x_wconf 83' lang='grc'>1111111111</span> <span class='ocrx_word' id='word_1_190' title='bbox 221 2518 351 2604; x_wconf 78' lang='lat' dir='ltr'>Crispus</span> <span class='ocrx_word' id='word_1_191' title='bbox 375 2520 469 2585; x_wconf 87' lang='lat' dir='ltr'>dixit:</span> <span class='ocrx_word' id='word_1_192' title='bbox 506 2520 608 2585; x_wconf 71' lang='lat' dir='ltr'>‘Bene</span> <span class='ocrx_word' id='word_1_193' title='bbox 631 2522 821 2604; x_wconf 88' lang='lat' dir='ltr'>mehercule,</span> <span class='ocrx_word' id='word_1_194' title='bbox 844 2521 938 2604; x_wconf 85' lang='lat' dir='ltr'>benc;</span> <span class='ocrx_word' id='word_1_195' title='bbox 961 2521 1016 2584; x_wconf 91' lang='lat' dir='ltr'>sed</span> <span class='ocrx_word' id='word_1_196' title='bbox 1040 2542 1103 2604; x_wconf 88' lang='lat' dir='ltr'>quo</span> 
     </span>
     <span class='ocr_line' id='line_1_27' title="bbox 91 2608 1102 2696; baseline 0 -25"><span class='ocrx_word' id='word_1_197' title='bbox 91 2613 158 2672; x_wconf 91' lang='lat' dir='ltr'>tam</span> <span class='ocrx_word' id='word_1_198' title='bbox 181 2608 294 2672; x_wconf 78' lang='lat' dir='ltr'>bene?&#39;</span> <span class='ocrx_word' id='word_1_199' title='bbox 331 2608 437 2672; x_wconf 93' lang='lat' dir='ltr'>Huius</span> <span class='ocrx_word' id='word_1_200' title='bbox 462 2631 571 2693; x_wconf 89' lang='lat' dir='ltr'>nepos,</span> <span class='ocrx_word' id='word_1_201' title='bbox 594 2611 718 2674; x_wconf 86' lang='lat' dir='ltr'>iuvenis</span> <span class='ocrx_word' id='word_1_202' title='bbox 745 2611 940 2696; x_wconf 86' lang='lat' dir='ltr'>ingeniosus,</span> <span class='ocrx_word' id='word_1_203' title='bbox 968 2610 1022 2674; x_wconf 87' lang='lat' dir='ltr'>sed</span> <span class='ocrx_word' id='word_1_204' title='bbox 1049 2632 1102 2693; x_wconf 89' lang='lat' dir='ltr'>pa-</span> 
     </span>
     <span class='ocr_line' id='line_1_28' title="bbox 91 2698 1103 2785; baseline 0 -24"><span class='ocrx_word' id='word_1_205' title='bbox 91 2720 162 2761; x_wconf 93' lang='lat' dir='ltr'>rum</span> <span class='ocrx_word' id='word_1_206' title='bbox 187 2698 328 2780; x_wconf 89' lang='lat' dir='ltr'>callidus,</span> <span class='ocrx_word' id='word_1_207' title='bbox 354 2720 427 2762; x_wconf 92' lang='lat' dir='ltr'>cum</span> <span class='ocrx_word' id='word_1_208' title='bbox 451 2700 553 2762; x_wconf 88' lang='lat' dir='ltr'>multa</span> <span class='ocrx_word' id='word_1_209' title='bbox 575 2699 708 2763; x_wconf 86' lang='lat' dir='ltr'>dixisset</span> <span class='ocrx_word' id='word_1_210' title='bbox 735 2700 1001 2785; x_wconf 83' lang='lat' dir='ltr'>adsignatumque</span> <span class='ocrx_word' id='word_1_211' title='bbox 1024 2701 1103 2762; x_wconf 90' lang='lat' dir='ltr'>tem-</span> 
     </span>
     <span class='ocr_line' id='line_1_29' title="bbox 91 2786 1104 2873; baseline 0.001 -24"><span class='ocrx_word' id='word_1_212' title='bbox 91 2809 151 2870; x_wconf 88' lang='lat' dir='ltr'>pus</span> <span class='ocrx_word' id='word_1_213' title='bbox 169 2786 331 2870; x_wconf 81' lang='lat' dir='ltr'>inplesset,</span> <span class='ocrx_word' id='word_1_214' title='bbox 354 2786 472 2873; x_wconf 74' lang='lat' dir='ltr'>&lt;Rogo&#39;</span> <span class='ocrx_word' id='word_1_215' title='bbox 496 2788 610 2871; x_wconf 93' lang='lat' dir='ltr'>inquit,</span> <span class='ocrx_word' id='word_1_216' title='bbox 631 2786 819 2870; x_wconf 69' lang='lat' dir='ltr'>‘Suburana</span> <span class='ocrx_word' id='word_1_217' title='bbox 837 2789 1004 2872; x_wconf 90' lang='lat' dir='ltr'>permittas</span> <span class='ocrx_word' id='word_1_218' title='bbox 1023 2787 1104 2851; x_wconf 92' lang='lat' dir='ltr'>mihi</span> 
     </span>
    </p>
   </div>
   <div class='ocr_carea' id='block_1_3' title="bbox 51 2875 1155 3319">
    <p class='ocr_par' dir='ltr' id='par_1_10' title="bbox 51 2875 1155 3319">
     <span class='ocr_line' id='line_1_30' title="bbox 92 2875 1155 2963; baseline 0 -23"><span class='ocrx_word' id='word_1_219' title='bbox 92 2899 191 2940; x_wconf 92' lang='lat' dir='ltr'>unum</span> <span class='ocrx_word' id='word_1_220' title='bbox 215 2897 342 2939; x_wconf 86' lang='lat' dir='ltr'>versum</span> <span class='ocrx_word' id='word_1_221' title='bbox 366 2876 510 2940; x_wconf 68' lang='lat' dir='ltr'>adicere?</span> <span class='ocrx_word' id='word_1_222' title='bbox 555 2875 638 2940; x_wconf 82' lang='lat' dir='ltr'>Tum</span> <span class='ocrx_word' id='word_1_223' title='bbox 663 2899 736 2963; x_wconf 83' lang='lat' dir='ltr'>eg0,</span> <span class='ocrx_word' id='word_1_224' title='bbox 762 2900 835 2943; x_wconf 88' lang='lat' dir='ltr'>oum</span> <span class='ocrx_word' id='word_1_225' title='bbox 859 2899 969 2942; x_wconf 93' lang='lat' dir='ltr'>omnes</span> <span class='ocrx_word' id='word_1_226' title='bbox 992 2899 1043 2940; x_wconf 90' lang='lat' dir='ltr'>me</span> <span class='ocrx_word' id='word_1_227' title='bbox 1066 2879 1103 2940; x_wconf 89' lang='lat' dir='ltr'>ut</span> <span class='ocrx_word' id='word_1_228' title='bbox 1124 2893 1155 2940; x_wconf 77' lang='lat'>12</span> 
     </span>
     <span class='ocr_line' id='line_1_31' title="bbox 51 2965 1103 3050; baseline -0.003 -18"><span class='ocrx_word' id='word_1_229' title='bbox 51 2966 146 3032; x_wconf 81' lang='lat' dir='ltr'>andiu</span> <span class='ocrx_word' id='word_1_230' title='bbox 169 2986 396 3049; x_wconf 90' lang='lat' dir='ltr'>responsurum</span> <span class='ocrx_word' id='word_1_231' title='bbox 420 2965 633 3049; x_wconf 87' lang='lat' dir='ltr'>intuerentur,</span> <span class='ocrx_word' id='word_1_232' title='bbox 664 2965 939 3049; x_wconf 76' lang='lat' dir='ltr'>‘Respondissem’</span> <span class='ocrx_word' id='word_1_233' title='bbox 963 2967 1103 3050; x_wconf 89' lang='lat' dir='ltr'>inquam,</span> 
     </span>
     <span class='ocr_line' id='line_1_32' title="bbox 92 3052 1104 3138; baseline 0 -20"><span class='ocrx_word' id='word_1_234' title='bbox 92 3055 245 3118; x_wconf 57' lang='grc' dir='ltr'>ς1111111111</span> <span class='ocrx_word' id='word_1_235' title='bbox 259 3055 352 3118; x_wconf 92' lang='lat' dir='ltr'>illum</span> <span class='ocrx_word' id='word_1_236' title='bbox 370 3077 497 3119; x_wconf 87' lang='lat' dir='ltr'>versum</span> <span class='ocrx_word' id='word_1_237' title='bbox 515 3052 686 3119; x_wconf 80' lang='lat' dir='ltr'>Africanus</span> <span class='ocrx_word' id='word_1_238' title='bbox 705 3057 880 3138; x_wconf 88' lang='lat' dir='ltr'>adiecisset,</span> <span class='ocrx_word' id='word_1_239' title='bbox 899 3056 933 3118; x_wconf 92' lang='lat' dir='ltr'>in</span> <span class='ocrx_word' id='word_1_240' title='bbox 954 3077 1018 3138; x_wconf 94' lang='lat' dir='ltr'>quo</span> <span class='ocrx_word' id='word_1_241' title='bbox 1037 3077 1104 3118; x_wconf 93' lang='lat' dir='ltr'>non</span> 
     </span>
     <span class='ocr_line' id='line_1_33' title="bbox 92 3142 1155 3227; baseline 0 -20"><span class='ocrx_word' id='word_1_242' title='bbox 92 3144 204 3207; x_wconf 88' lang='lat' dir='ltr'>dubito</span> <span class='ocrx_word' id='word_1_243' title='bbox 221 3145 329 3207; x_wconf 88' lang='lat' dir='ltr'>omnia</span> <span class='ocrx_word' id='word_1_244' title='bbox 343 3143 559 3207; x_wconf 57' lang='grc'>1011111111]</span> <span class='ocrx_word' id='word_1_245' title='bbox 582 3142 660 3208; x_wconf 90' lang='lat' dir='ltr'>Non</span> <span class='ocrx_word' id='word_1_246' title='bbox 677 3143 771 3209; x_wconf 87' lang='lat' dir='ltr'>facile</span> <span class='ocrx_word' id='word_1_247' title='bbox 785 3167 836 3208; x_wconf 90' lang='lat' dir='ltr'>me</span> <span class='ocrx_word' id='word_1_248' title='bbox 850 3149 960 3227; x_wconf 89' lang='lat' dir='ltr'>repeto</span> <span class='ocrx_word' id='word_1_249' title='bbox 975 3147 1102 3208; x_wconf 89' lang='lat' dir='ltr'>tantum</span> <span class='ocrx_word' id='word_1_250' title='bbox 1124 3161 1155 3207; x_wconf 82' lang='lat'>13</span> 
     </span>
     <span class='ocr_line' id='line_1_34' title="bbox 92 3233 1102 3319; baseline -0.001 -23"><span class='ocrx_word' id='word_1_251' title='bbox 92 3234 260 3297; x_wconf 89' lang='lat' dir='ltr'>adsensum</span> <span class='ocrx_word' id='word_1_252' title='bbox 275 3233 399 3319; x_wconf 85' lang='lat' dir='ltr'>agendo</span> <span class='ocrx_word' id='word_1_253' title='bbox 415 3237 621 3298; x_wconf 88' lang='lat' dir='ltr'>consecutum</span> <span class='ocrx_word' id='word_1_254' title='bbox 632 3238 787 3316; x_wconf 92' lang='lat' dir='ltr'>quantum</span> <span class='ocrx_word' id='word_1_255' title='bbox 802 3237 880 3297; x_wconf 94' lang='lat' dir='ltr'>tunc</span> <span class='ocrx_word' id='word_1_256' title='bbox 893 3255 959 3296; x_wconf 91' lang='lat' dir='ltr'>non</span> <span class='ocrx_word' id='word_1_257' title='bbox 969 3233 1102 3319; x_wconf 80' lang='lat' dir='ltr'>agendo,</span> 
     </span>
    </p>
   </div>
   <div class='ocr_carea' id='block_1_4' title="bbox 85 3389 1150 3672">
    <p class='ocr_par' dir='ltr' id='par_1_11' title="bbox 85 3389 1150 3672">
     <span class='ocr_line' id='line_1_35' title="bbox 163 3389 1102 3458; baseline -0.003 -14"><span class='ocrx_word' id='word_1_258' title='bbox 163 3397 179 3444; x_wconf 84' lang='lat'>4</span> <span class='ocrx_word' id='word_1_259' title='bbox 198 3395 216 3456; x_wconf 92' lang='lat'>†</span> <span class='ocrx_word' id='word_1_260' title='bbox 235 3392 308 3456; x_wconf 73' lang='lat' dir='ltr'>auu,</span> <span class='ocrx_word' id='word_1_261' title='bbox 327 3391 403 3458; x_wconf 88' lang='lat' dir='ltr'>quod</span> <span class='ocrx_word' id='word_1_262' title='bbox 422 3391 465 3443; x_wconf 89' lang='lat' dir='ltr'>est</span> <span class='ocrx_word' id='word_1_263' title='bbox 482 3389 582 3442; x_wconf 80' lang='lat' dir='ltr'>melius</span> <span class='ocrx_word' id='word_1_264' title='bbox 601 3389 709 3457; x_wconf 80' lang='lat' dir='ltr'>liquere</span> <span class='ocrx_word' id='word_1_265' title='bbox 727 3408 760 3445; x_wconf 78' lang='lat' dir='ltr'>ex</span> <span class='ocrx_word' id='word_1_266' title='bbox 780 3393 837 3445; x_wconf 86' lang='lat' dir='ltr'>Ma</span> <span class='ocrx_word' id='word_1_267' title='bbox 852 3392 890 3457; x_wconf 86' lang='lat' dir='ltr'>K,</span> <span class='ocrx_word' id='word_1_268' title='bbox 910 3409 935 3458; x_wconf 93' lang='lat' dir='ltr'>q.</span> <span class='ocrx_word' id='word_1_269' title='bbox 960 3406 982 3442; x_wconf 89' lang='grc'>1.</span> <span class='ocrx_word' id='word_1_270' title='bbox 1001 3389 1102 3442; x_wconf 91' lang='lat' dir='ltr'>melius</span> 
     </span>
     <span class='ocr_line' id='line_1_36' title="bbox 93 3461 1126 3532; baseline -0.006 -18"><span class='ocrx_word' id='word_1_271' title='bbox 93 3477 177 3514; x_wconf 87' lang='lat' dir='ltr'>causa</span> <span class='ocrx_word' id='word_1_272' title='bbox 195 3461 316 3529; x_wconf 88' lang='lat' dir='ltr'>liqueret</span> <span class='ocrx_word' id='word_1_273' title='bbox 335 3461 485 3531; x_wconf 84' lang='lat' dir='ltr'>(loquetur)</span> <span class='ocrx_word' id='word_1_274' title='bbox 504 3461 615 3532; x_wconf 83' lang='lat' dir='ltr'>legatus</span> <span class='ocrx_word' id='word_1_275' title='bbox 635 3463 740 3532; x_wconf 65' lang='lat' dir='ltr'>qur.</span> <span class='ocrx_word' id='word_1_276' title='bbox 828 3466 866 3514; x_wconf 67' lang='lat' dir='ltr'>‘lb</span> <span class='ocrx_word' id='word_1_277' title='bbox 888 3477 1011 3512; x_wconf 68' lang='lat' dir='ltr'>uersum</span> <span class='ocrx_word' id='word_1_278' title='bbox 1022 3461 1126 3532; x_wconf 63' lang='lat' dir='ltr'>lopo,</span> 
     </span>
     <span class='ocr_line' id='line_1_37' title="bbox 95 3518 1150 3604; baseline -0.004 -18"><span class='ocrx_word' id='word_1_279' title='bbox 95 3531 155 3586; x_wconf 82' lang='lat' dir='ltr'>Otto</span> <span class='ocrx_word' id='word_1_280' title='bbox 169 3537 271 3600; x_wconf 63' lang='lat' dir='ltr'>3033q„</span> <span class='ocrx_word' id='word_1_281' title='bbox 292 3533 405 3587; x_wconf 78' lang='lat' dir='ltr'>verbum</span> <span class='ocrx_word' id='word_1_282' title='bbox 426 3535 464 3590; x_wconf 88' lang='lat' dir='ltr'><em>M</em></span> <span class='ocrx_word' id='word_1_283' title='bbox 466 3551 504 3596; x_wconf 79' lang='grc' dir='ltr'>νς</span> <span class='ocrx_word' id='word_1_284' title='bbox 510 3577 518 3604; x_wconf 89' lang='grc'><em>,</em></span> <span class='ocrx_word' id='word_1_285' title='bbox 538 3535 578 3592; x_wconf 91' lang='grc' dir='ltr'>Κ.</span> <span class='ocrx_word' id='word_1_286' title='bbox 654 3541 690 3590; x_wconf 70' lang='lat' dir='ltr'>bl</span> <span class='ocrx_word' id='word_1_287' title='bbox 708 3534 801 3590; x_wconf 81' lang='lat' dir='ltr'>illum</span> <span class='ocrx_word' id='word_1_288' title='bbox 814 3548 938 3587; x_wconf 73' lang='lat' dir='ltr'>uersum</span> <span class='ocrx_word' id='word_1_289' title='bbox 948 3518 1150 3591; x_wconf 42' lang='grc' dir='ltr'>1311,ὒώ</span> 
     </span>
     <span class='ocr_line' id='line_1_38' title="bbox 85 3601 365 3672; baseline 0.021 -20"><span class='ocrx_word' id='word_1_290' title='bbox 85 3601 196 3654; x_wconf 78' lang='lat' dir='ltr'>verbum</span> <span class='ocrx_word' id='word_1_291' title='bbox 215 3605 305 3672; x_wconf 59' lang='lat' dir='ltr'>Mra,</span> <span class='ocrx_word' id='word_1_292' title='bbox 325 3607 365 3662; x_wconf 87' lang='lat' dir='ltr'>K.</span> 
     </span>
    </p>
   </div>
   <div class='ocr_carea' id='block_1_5' title="bbox 0 0 1258 3862">
    <p class='ocr_par' dir='ltr' id='par_1_12' title="bbox 0 0 1258 3862">
     <span class='ocr_line' id='line_1_39' title="bbox 0 0 1258 3862; baseline 0 0"><span class='ocrx_word' id='word_1_293' title='bbox 0 0 1258 3862; x_wconf 95' lang='lat' dir='ltr'> </span> 
     </span>
    </p>
   </div>
  </div>
 </body>
</html>
