2506 3862
380 222 639 276 EPISTULARUM
655 223 694 276 IX
715 228 827 277 18-21.
1045 221 1110 287 235

96 409 195 471 pensa
218 387 418 451 monumenti
446 406 642 471 supervacua
665 390 729 470 est,
753 386 908 450 memoria
929 386 1032 451 nostri
1055 387 1111 450 du·

95 476 190 560 rabit,
213 476 240 540 si
263 477 330 540 vita
352 474 548 540 meruimus?
589 473 643 539 An
665 476 842 540 restrictius
865 475 1030 540 arbitraris
1054 497 1111 559 per

97 566 207 629 orbem
231 569 387 629 terrarum
409 565 581 650 legendum
609 565 684 628 dare
714 565 899 629 duraturam
923 565 1110 629 memoriam

97 677 187 719 suam
207 677 304 738 quam
321 676 386 718 uno
405 655 440 718 in
456 655 529 719 loco
545 653 670 718 duobus
684 653 849 718 versiculis
865 654 1001 738 signare,
1024 654 1110 737 quod

69 743 230 810 sicceris?
277 742 478 826 Quamquam
500 765 567 807 non
588 741 692 807 habeo
715 743 919 828 propositum
948 742 1042 807 illum
1064 759 1146 806 re-'t

95 832 321 917 prehendendi,
344 832 399 896 sed
421 833 509 896 hunc
531 832 655 916 tuendi3
678 832 768 896 cuius
793 854 874 916 quae
896 836 1004 916 potest
1026 832 1112 915 apud

95 926 127 986 te
150 922 265 986 iustior
287 944 355 986 esse
379 920 520 986 defensio
540 943 637 1004 quam
655 943 695 984 ex
714 921 895 986 conlatione
914 921 992 1005 eius,
1016 943 1111 1005 quem

95 1011 298 1094 praetulisti?
319 1009 392 1074 Meo
413 1010 542 1094 quidem
560 1009 678 1073 iudicio
697 1014 810 1074 neuter
829 1011 1015 1094 culpandus,
1034 1031 1111 1092 quo·
1130 1024 1145 1073 8

95 1123 168 1163 rum
209 1104 344 1182 uterque
385 1099 425 1162 ad
467 1099 603 1184 gloriam
644 1099 715 1183 pari
752 1100 944 1184 cupiditate,
986 1099 1110 1163 diverso

56 1214 83 1255 ro
97 1189 211 1253 itinere
241 1188 419 1271 contendit,
449 1189 543 1272 alter,
573 1187 649 1251 dum
680 1189 803 1271 expetit
833 1189 958 1253 debitos
988 1189 1110 1270 titulos,

97 1277 187 1360 alter,
210 1279 286 1342 dum
310 1278 432 1342 mavult
455 1276 556 1341 videri
580 1277 818 1361 contempsisse.
860 1277 950 1343 Vale.

572 1443 634 1500 XX.

337 1541 528 1590 1111111111
552 1542 732 1590 vsuluoru
755 1541 821 1590 suo
846 1542 871 1589 1.

139 1633 209 1697 Tua
232 1655 307 1698 vero
332 1633 469 1717 epistula
491 1636 582 1697 tanto
606 1632 687 1696 mihi
709 1632 878 1697 iucundior
895 1632 967 1715 tuit,
990 1636 1110 1715 quanto
1131 1648 1145 1695 1

56 1746 82 1788 rs
96 1722 225 1808 longior
248 1727 329 1805 erat,
358 1721 546 1805 praesertim
570 1742 643 1785 curn
668 1721 706 1784 de
729 1721 848 1786 libellis
871 1722 951 1785 meis
974 1724 1043 1784 tota
1065 1721 1112 1785 lo-

97 1815 262 1895 queretur3
286 1833 366 1895 quos
390 1811 451 1874 tibi
469 1809 629 1893 voluptati
653 1831 805 1874 essenon
823 1810 931 1894 miror,
954 1831 1028 1875 cum
1047 1831 1112 1873 om-

96 1901 150 1964 nia
179 1904 288 1964 nostra
317 1900 449 1984 perinde
479 1920 517 1963 ac
539 1920 598 1962 nos
628 1921 723 1962 ames.
769 1898 841 1983 Ipse
871 1919 945 1963 cum
974 1898 1146 1963 maximea

96 1988 273 2052 vindemias
310 1989 445 2074 graciles
479 1987 623 2071 quidem,
659 1988 822 2052 uberiores
860 1992 982 2071 tamen,
1015 2008 1111 2070 quam

97 2081 354 2161 expectaueram,
386 2077 519 2163 colligo,
549 2076 576 2140 si
599 2077 749 2162 colligere
777 2081 914 2142 estnon
936 2098 1112 2160 numquam

56 2189 83 2232 ro
98 2167 263 2251 decerpere
286 2189 396 2250 uvam,
423 2168 584 2232 torculum
606 2166 756 2250 invisere,
786 2167 954 2252 degustare
978 2166 1017 2229 de
1039 2168 1112 2231 lacu

97 2261 253 2339 mustum,
277 2257 429 2341 obrepere
451 2255 597 2340 urbanis,
621 2256 677 2339 qui
699 2277 786 2320 nunc
808 2255 936 2320 rusticis
959 2258 1112 2339 praesunt

97 2368 211 2429 meque
233 2345 367 2410 notariis
391 2349 423 2409 11
444 2345 619 2410 lectoribus
641 2345 849 2429 reliquerunt.
895 2343 986 2408 Vale.

566 2511 645 2569 XXI·
789 2546 792 2550 .

336 2611 363 2658 C.
387 2611 525 2658 PLINIUS
550 2611 735 2658 SABINIANO
761 2611 826 2658 SUO
850 2611 876 2658 S.

57 2725 83 2766 se
164 2699 313 2764 Libertus
337 2705 428 2784 tuus,
459 2702 510 2763 cui
534 2722 716 2765 suscensere
738 2704 771 2764 11
795 2700 934 2782 dixeras,
961 2698 1049 2763 venit
1072 2699 1113 2762 ad
1132 2714 1146 2761 1

97 2812 148 2854 me
176 2789 409 2872 advolutusque
437 2790 572 2873 pedibus
603 2789 681 2853 meis
712 2794 876 2873 tamquam
906 2787 970 2851 tuis
1000 2787 1112 2852 haesit.

96 2877 202 2942 Flevit
225 2879 372 2961 multum,
395 2877 534 2942 multum
556 2879 697 2963 rogavit,
720 2878 859 2942 multum
883 2877 980 2942 etiam
1003 2878 1113 2961 tacuit,

97 2967 132 3032 in
159 2990 285 3031 summa
310 2967 387 3032 fecit
415 2967 496 3031 milri
523 2967 620 3031 fidem
642 2967 865 3050 paenitentiae.
910 2966 994 3031 Vere
1018 2967 1112 3031 credo

98 3058 315 3140 emendatum,
344 3057 419 3140 quia
442 3056 614 3139 deliquisse
637 3077 671 3120 se
694 3057 800 3120 sentit.
845 3054 1009 3139 Irasceris,
1038 3057 1147 3139 sci0,2

57 3170 84 3212 uo
98 3150 129 3209 et
152 3146 297 3210 irasceris
321 3147 445 3229 merito,
468 3145 501 3208 id
525 3166 652 3228 quoque
671 3145 751 3229 111ος
775 3145 829 3209 sed
846 3150 925 3210 tunc
942 3145 1114 3229 praecipua

98 3235 352 3300 mansuetudinis
383 3237 467 3320 laus,
506 3256 579 3298 oum
615 3234 680 3298 irae
718 3254 812 3298 causa
848 3235 1024 3299 iustissima
1057 3238 1117 3297 est..

97 3321 224 3389 Amasti
242 3325 406 3389 hominem
425 3327 466 3407 et,
489 3344 592 3407 spero,
615 3324 754 3407 amabis3
776 3323 906 3388 interim
926 3323 1054 3406 sufficit,
1077 3327 1113 3386 ut
1133 3338 1149 3386 3

99 3415 223 3477 exorari
241 3417 273 3477 te
293 3414 386 3477 sinas.
409 3412 535 3477 Licebit
553 3434 664 3476 rursus
682 3412 785 3497 irasci,
804 3413 832 3477 si
845 3412 1008 3492 meruerit,
1027 3412 1120 3491 quod

98 3505 247 3565 exoratus
272 3503 452 3567 excusatius
475 3502 583 3569 facies.
622 3501 775 3568 Remitte
796 3501 932 3584 aliquid
949 3498 1145 3560 notensem-

50 3613 79 3653 as
94 3589 157 3651 tiae
177 3590 289 3674 ipsius,
313 3593 446 3661 remitte
470 3595 635 3685 lacrimis,
654 3595 798 3663 remitte
812 3581 1061 3668 intingentxae
1074 3577 1187 3636 uuae,
