2506 3862
401 217 659 272 EPISTULARUM
675 219 714 272 IX
733 224 846 274 11-11.
1065 222 1131 286 243

120 380 269 466 Proinde,
292 402 365 446 oum
387 381 450 446 hoc
473 383 525 447 vel
546 382 627 446 illud
649 381 751 468 leges,
777 383 823 448 ita
850 385 985 470 singulis
1008 387 1169 453 veniama

121 475 158 534 ut
180 493 246 536 non
269 471 403 556 singulis
427 471 525 536 dabis.
562 469 616 536 An
639 472 751 536 ceteris
774 473 897 538 artibus
920 475 1080 540 excusatio
1100 478 1135 541 in

120 581 264 643 numero,
286 561 402 625 litteris
421 560 531 625 durior
547 562 610 644 lex,
632 561 802 644 inquibus
821 562 984 626 difficilior
1002 563 1133 629 effectus

123 649 192 713 est?
229 648 312 725 Quid
335 653 442 714 autem
466 672 526 735 ego
551 650 589 714 de
612 651 705 714 venia
728 651 819 734 quasi
841 652 1008 736 ingratus?
1039 652 1133 738 Nam,

95 739 148 805 ssi
172 761 208 802 ea
230 738 385 803 facilitate
408 740 556 823 proxima
578 739 737 822 acceperis
761 761 824 823 qua
846 742 961 825 priora,
984 742 1054 806 laus
1077 765 1133 826 po-

120 828 184 891 tius
208 829 363 911 speranda
387 851 482 912 quam
506 829 599 893 venia
622 829 816 894 obsecranda
839 835 896 895 est.
925 829 1007 895 Mihi
1025 835 1133 896 tamen

122 917 214 980 venia
238 917 365 981 sufficit.
411 917 501 982 Vale.

580 1048 669 1106 XXX.

382 1148 731 1196 crmu1usasumo
756 1148 821 1196 suo
846 1149 871 1197 s.

81 1266 106 1306 10
186 1235 311 1302 Laudas
341 1239 422 1302 mihi
452 1244 485 1303 et
512 1239 696 1323 frequenter
724 1260 873 1322 praesens
904 1244 936 1304 et
962 1260 1048 1304 nuno
1074 1258 1165 1324 perl

121 1326 271 1409 epistulas
294 1326 439 1392 Nonium
462 1332 564 1411 tuum,
587 1327 673 1411 quod
692 1329 734 1391 sit
751 1328 894 1392 liberalis
913 1330 948 1391 in
966 1330 1129 1413 quosdam.
1170 1339 1174 1347 ’

118 1414 163 1478 Et
185 1416 254 1499 ipse
276 1416 382 1500 laudo,
406 1417 432 1481 si
455 1421 564 1481 tamen
585 1438 652 1481 non
674 1418 708 1480 in
730 1416 790 1480 hos
809 1418 904 1481 solos.
936 1417 1021 1482 Volo
1045 1421 1130 1484 enim

120 1526 202 1588 eum,
225 1506 280 1588 qui
300 1506 342 1569 sit
360 1528 432 1570 vere
450 1507 601 1589 liberalis,
623 1506 763 1570 tribuere
781 1507 912 1589 patriae,
932 1509 1131 1592 propinquis,

119 1593 292 1678 adfinibus,
315 1595 439 1678 amicis,
469 1595 524 1659 sed
547 1596 657 1659 amicis
681 1595 752 1658 dieo
776 1595 978 1679 pauperibus,
1001 1617 1068 1659 non
1094 1600 1130 1660 ut

79 1712 104 1751 15
118 1682 186 1765 isti,
219 1684 274 1765 qui
296 1684 335 1747 iis
363 1685 566 1766 potissimum
595 1684 728 1767 donant,
761 1684 816 1767 qui
845 1684 962 1748 donare
991 1685 1130 1750 maxime

118 1776 260 1855 possunt.
306 1777 372 1836 Hos
396 1794 455 1857 ego
479 1773 607 1837 viscatis
631 1772 832 1856 hamatisque
855 1774 1040 1838 muneribus
1063 1791 1163 1839 nona

119 1883 176 1924 sua
198 1882 343 1944 promere
366 1866 455 1945 puto,
478 1862 534 1926 sed
556 1861 660 1926 aliena
682 1863 853 1946 corripere.
895 1861 977 1927 Sunt
999 1863 1129 1948 ingenio

119 1950 229 2033 simili,
253 1951 317 2034 qui,
341 1952 426 2034 quod
449 1951 525 2016 huic
549 1952 681 2034 donant,
704 1951 853 2016 auferunt
875 1952 924 2015 illi
946 1952 1129 2035 famamque

116 2036 317 2104 liberalitatis
350 2041 482 2104 avaritia
513 2044 634 2124 petunt.
679 2039 824 2105 Primum
852 2045 900 2105 est
931 2044 1037 2105 autem
1071 2057 1164 2106 su03

78 2157 104 2196 so
118 2149 186 2192 esse
210 2132 405 2212 contentum,
431 2129 553 2213 deinde,
576 2151 656 2213 quos
679 2131 848 2213 praecipue
872 2130 954 2195 scias
978 2130 1129 2215 indigere,

118 2220 349 2283 sustentantem
385 2219 611 2302 foventemque
653 2218 729 2283 orbe
766 2219 904 2303 quodam
941 2219 1129 2284 socialitatis

117 2307 247 2371 ambire.
293 2306 379 2382 Quae
407 2312 522 2373 cuncta
550 2309 578 2372 si
604 2308 681 2372 facit
703 2309 778 2392 iste,
807 2329 1036 2391 usquequaque
1059 2309 1130 2371 lau-

118 2395 238 2460 dandus
262 2399 319 2479 est,
342 2397 369 2459 si
391 2419 492 2460 unum
512 2397 642 2480 aliquid,
665 2397 770 2461 minus
790 2396 928 2481 quidem,
950 2396 1128 2461 laudandus

117 2487 233 2548 tamen.
279 2484 357 2549 Tam
381 2508 488 2550 rarum
512 2489 560 2550 est
584 2487 679 2550 etiam
704 2487 898 2570 inperfectae
924 2485 1164 2550 liberalitatis4

78 2601 103 2639 25
118 2574 286 2656 exemplar.
319 2574 368 2639 Ea
387 2575 504 2639 invasit
526 2575 672 2639 homines
691 2575 830 2639 habendi
850 2574 974 2658 cupido,
997 2579 1033 2638 ut
1057 2596 1129 2657 pos-

118 2661 213 2724 sideri
236 2664 338 2748 magis
362 2686 458 2747 quam
481 2664 643 2747 possidere
666 2664 841 2728 videantur.
887 2662 976 2727 Vale.

569 2829 674 2886 XXXI.

388 2928 415 2975 C.
439 2929 577 2976 PLINIUS
602 2929 714 2976 SARDO
739 2929 804 2977 SUO
829 2928 855 2976 S.

181 3017 358 3101 Postquam
377 3042 395 3083 a
414 3022 446 3082 te
459 3019 585 3101 recessi,
603 3041 669 3082 non
687 3019 792 3082 minus
811 3021 917 3083 tecum
931 3039 1010 3102 sum,
1030 3041 1125 3102 quam
1145 3035 1160 3082 1

77 3136 103 3174 1ο
118 3126 190 3172 cum
214 3108 254 3171 ad
276 3111 308 3171 te
331 3108 386 3171 fui.
427 3106 508 3192 Legi
531 3109 616 3172 enim
634 3106 753 3171 librum
776 3112 868 3171 tuum
887 3108 1060 3172 identidem
1079 3129 1126 3170 re-

116 3202 226 3280 petens
257 3219 293 3261 ea
323 3198 461 3261 maxime
491 3194 572 3283 (uon
601 3196 686 3259 enim
715 3194 880 3283 mentiar),
908 3219 988 3280 quae
1012 3197 1050 3260 de
1073 3219 1125 3260 me

117 3287 281 3370 scripsisti,
303 3287 336 3349 in
360 3286 476 3370 quibus
501 3286 629 3369 quidem
652 3287 857 3370 percopiosus
880 3285 978 3350 fuisti.
1022 3284 1125 3361 Quam

117 3375 230 3458 multa,
263 3397 359 3458 quam
387 3376 487 3459 varia,
520 3397 616 3458 quam
638 3397 704 3439 non
731 3374 840 3439 eadem
871 3375 909 3439 de
932 3375 1043 3438 eodem
1066 3395 1125 3438 nec

186 3531 289 3585 ohaec
304 3532 435 3601 proxima
453 3552 480 3588 a.
554 3539 589 3589 Ἢ
614 3533 767 3590 societatis
787 3551 818 3599 o,
829 3531 916 3595 XX,
938 3545 968 3580 n.
985 3519 1173 3585 desp-lm-

107 3606 142 3652 29
159 3618 220 3654 sum
239 3603 303 3658 add
376 3610 411 3660 30
432 3607 515 3678 apud
531 3610 565 3665 te
585 3627 667 3678 rso,
686 3607 781 3665 ΚΠ·
971 3667 1032 3728 w
