2506 3862
125 198 190 262 348
561 197 589 253 Ο,
608 198 707 253 PLINI

125 363 270 447 pervim
294 384 331 427 ac
353 363 530 427 tumultum
553 363 752 445 creabantur,
771 363 826 426 sed
849 363 966 446 quibus
989 363 1145 446 sepositis

126 455 159 516 et
181 451 367 516 absentibus
390 453 425 515 in
442 473 516 514 rura
535 473 593 515 sua
611 453 796 516 consulatus
813 452 1008 535 ferebantur,
1025 453 1062 515 in
1079 452 1145 519 hac

126 541 256 605 civitate
283 542 415 606 tertium
443 541 645 605 consulatum
672 542 820 624 princeps
851 541 975 627 generis
1005 541 1144 607 humani

91 634 163 694 tut
189 652 395 716 praegravem
423 630 598 694 recusasti?
643 629 788 694 Tantone
815 629 952 714 Papiriis
981 631 1078 694 etiam
1110 636 1144 696 et

126 718 265 795 Quintiis
279 720 474 785 moderatior
485 718 652 804 Augustus
668 724 700 783 et
715 717 830 784 Caesar
843 725 875 784 et
888 725 979 803 pater
992 720 1142 803 patriae?
1169 747 1182 787 s

125 806 267 873 Atilios
290 809 492 892 respublica
516 808 629 873 ciebat.
667 807 773 884 Quid?
801 814 833 873 te
861 832 927 874 non
954 809 1065 872 eadem
1088 832 1142 874 res

124 898 263 982 publica,
285 920 351 961 non
374 902 512 981 senatus,
534 919 600 962 non
619 899 802 962 consulatus
821 899 898 981 ipse,
918 899 973 981 qui
992 899 1054 961 sibi
1074 899 1142 962 tuis

73 984 243 1051 58umeris
266 987 373 1051 attolli
396 991 428 1051 et
451 1007 620 1071 augescere
643 987 789 1051 videtur?
825 987 902 1051 Non
924 991 956 1052 te
974 986 1014 1050 ad
1033 1009 1143 1051 exem-

125 1077 196 1160 plar
219 1077 286 1140 eius
310 1097 400 1159 voco,
424 1077 480 1159 qui
503 1077 665 1141 continuis
689 1077 909 1141 consulatibus
931 1077 1052 1141 fecerat
1069 1078 1141 1140 lon-

125 1187 202 1251 gum
221 1165 379 1248 quendam
399 1169 431 1229 et
450 1166 518 1229 sine
536 1166 719 1230 discrimine
737 1188 866 1248 annum,
884 1167 925 1229 iis
946 1169 978 1230 te
997 1165 1141 1249 confere,
1156 1192 1182 1232 m

125 1276 205 1337 quos
234 1256 354 1319 certum
379 1259 436 1337 est,
464 1256 613 1338 quotiens
640 1256 787 1320 consules
813 1255 953 1338 fuerunt,
979 1277 1046 1319 non
1075 1256 1141 1319 sibi

123 1344 328 1426 praestitisse.
364 1343 445 1408 Erat
462 1345 497 1407 in
515 1348 628 1408 senatu
647 1347 696 1408 ter
714 1345 835 1426 consul,
859 1367 932 1408 cum
951 1348 987 1408 tu
1006 1344 1141 1408 bertium

89 1449 104 1496 2
125 1433 326 1496 consulatum
350 1434 527 1498 recusabas.
564 1430 742 1498 Ouerosum
766 1434 873 1498 nescio
893 1433 970 1516 quid
988 1455 1141 1497 uerecun-

124 1521 199 1585 diae·
213 1526 287 1587 tuae
307 1543 479 1587 consensus
498 1527 607 1587 noster
621 1522 787 1604 indixerat,
802 1527 840 1586 ut
856 1523 1004 1607 princeps
1018 1523 1140 1586 totiens

124 1613 237 1676 consul
268 1633 353 1676 esses
386 1613 534 1695 quotiens
567 1615 696 1676 senator
726 1615 816 1695 tuus,
847 1612 948 1675 nimia
979 1610 1140 1675 modestia
1155 1638 1182 1678 rs

88 1718 104 1765 3
123 1701 210 1765 istud
233 1701 330 1764 etiam
349 1702 494 1785 privatus
511 1722 698 1766 recusasses.
736 1699 789 1764 An
808 1701 984 1764 consularis
1003 1701 1065 1764 viri
1083 1702 1141 1764 tri-

124 1790 350 1873 nmphalisque
368 1790 463 1872 filius,
482 1812 555 1855 cum
574 1791 670 1855 tertio
690 1790 802 1854 consul
821 1795 953 1871 creatur,
972 1790 1141 1855 ascendit?

123 1900 190 1942 non
218 1879 361 1944 debitum
389 1878 451 1944 hoc
478 1880 536 1960 illi,
563 1901 629 1943 non
659 1880 711 1943 vel
743 1880 811 1943 sola
841 1879 965 1965 generis
992 1879 1140 1944 claritate

123 1969 357 2050 promeritum?
402 1967 547 2053 Contigit
584 1989 660 2054 ergo
697 1969 831 2051 privatis
863 1969 985 2052 aperire
1017 1990 1138 2034 annum

122 2057 288 2140 fastosque
315 2079 467 2138 reserare,
495 2062 528 2120 et
556 2056 618 2120 hoc
646 2078 774 2140 quoque
804 2057 947 2122 redditae
978 2058 1140 2122 libertatis
1154 2084 1182 2124 so

123 2146 278 2210 indicium
292 2145 365 2230 fuit,
379 2147 465 2228 quod
484 2144 596 2210 consul
615 2146 696 2209 alius
716 2168 812 2229 quam
832 2145 947 2211 Caesar
965 2150 1056 2211 esset.
1084 2144 1140 2212 Sic

124 2235 243 2300 exactis
270 2236 401 2320 regibus
429 2235 536 2319 coepit
564 2235 647 2299 iiber
676 2257 788 2319 annus,
820 2236 867 2300 sic
894 2237 971 2300 olim
1000 2236 1139 2300 servitus

89 2340 104 2388 5
123 2325 216 2407 pulsa
229 2325 355 2407 privata
368 2324 461 2389 fastis
474 2324 606 2388 nomina
625 2324 760 2387 induxit.
792 2323 927 2389 Miseros
941 2325 1140 2407 ambitionis,

124 2415 180 2495 qui
211 2415 258 2477 ita
286 2413 432 2478 consules
467 2435 592 2496 semper
621 2417 657 2477 ut
689 2435 814 2496 semper
843 2415 1003 2497 principes
1034 2417 1138 2479 erant!

124 2501 325 2585 Quamquam
347 2524 414 2566 non
436 2506 503 2566 tam
526 2503 661 2567 ambitio
685 2524 782 2584 quam
800 2503 884 2567 livor
902 2507 934 2566 et
951 2503 1138 2587 malignitas
1153 2528 1181 2570 rs

125 2590 227 2656 videri
250 2595 357 2674 potest
381 2613 491 2655 omnes
510 2613 611 2660 annos.
632 2592 794 2674 possidere
813 2612 1038 2675 summumque
1056 2592 1139 2659 illud

124 2703 283 2763 purpurae
307 2680 402 2744 decus
425 2703 492 2744 non
514 2680 577 2744 nisi
600 2684 821 2764 praecerptnm
849 2684 1139 2765 praefloratumque

89 2786 104 2832 6
123 2771 348 2834 transmittere.
373 2769 474 2833 Tuam
489 2791 564 2834 vero
579 2770 877 2854 magnanimitatem
891 2792 934 2832 an
946 2770 1138 2838 modestiam

123 2880 165 2921 an
188 2857 420 2944 benignitatem
443 2859 532 2942 prius
555 2859 674 2922 mirer?
710 2857 986 2943 Magnanimitatis
1004 2859 1067 2922 fuit
1086 2882 1139 2923 ex-

123 2947 225 3029 petito
251 2969 376 3031 semper
397 2946 520 3012 honore
543 2948 717 3031 abstinere,
739 2947 915 3012 modestiae
938 2948 1062 3030 cedere,
1085 2949 1138 3012 be·
1153 2973 1181 3014 so

127 3036 296 3121 nignitatis
318 3059 376 3120 per
398 3038 478 3101 alios
501 3037 574 3100 frui.

72 3124 121 3190 59
195 3124 258 3190 Sed
280 3126 344 3189 iam
362 3130 489 3209 tempus
509 3129 557 3190 est
578 3129 611 3189 te
629 3125 692 3209 ipsi
715 3126 896 3190 consulatui
913 3129 1083 3209 praestare,
1101 3129 1139 3190 ut

123 3216 278 3279 maiorem
311 3237 384 3278 eum
417 3214 618 3298 suscipiendo
656 3214 859 3300 gerendoque
894 3215 1001 3280 facias.
1051 3212 1138 3278 Nam

124 3305 250 3387 saepius
273 3326 418 3368 recusare
442 3305 627 3390 ambiguam
650 3326 688 3369 ac
710 3305 818 3388 potius
837 3305 926 3367 illam
950 3305 1138 3387 interpreta-

178 3521 217 3568 10
229 3517 278 3572 bis
286 3520 395 3577 Baehr.
454 3523 490 3576 25
504 3519 568 3575 tam
576 3515 652 3572 amb.
663 3515 817 3585 quamcod.
826 3515 1070 3578 Med'aoffloebr,
1078 3516 1141 3566 tam

88 3597 144 3637 0⁷72·
155 3587 428 3667 Baehrensr'codd,
439 3595 524 3653 Koila?
535 3595 585 3663 bc,
592 3609 656 3648 non
664 3588 742 3645 amb.
750 3584 846 3656 magis
855 3583 1014 3683 quamdam.
1022 3582 1157 3641 ccccm.
