2506 3862
106 213 172 280 280
423 211 451 268 0.
469 212 568 267 PLINI
585 212 632 266 ET
651 211 802 266 TRAIANI

452 380 587 440 uxvm.
612 375 776 460 [uxum]

305 483 333 530 0.
357 483 496 532 PLINIUS
521 482 673 529 TRAIANO
697 481 923 529 IMPERATORI.

173 572 363 638 Petentibus
382 573 582 657 quibusdam,
604 575 641 635 ut
661 571 723 634 sibi
741 571 892 654 reliquias
913 592 1043 635 suorum
1063 575 1119 635 aut

107 666 241 746 propter
270 664 419 727 iniuriam
449 661 621 726 vetustatis
651 663 707 724 aut
736 664 869 743 propter
900 659 1040 723 fluminis
1073 661 1120 724 in-

108 772 236 816 cursum
260 753 385 834 aliaque
415 750 466 814 his
490 751 607 815 similia
630 770 849 833 quaecumque
872 749 1047 813 secundum
1072 771 1124 813 ex·
1148 775 1160 815 s

108 842 249 924 emplum
262 841 489 924 proconsulum
509 839 682 903 transferre
701 839 930 923 permitterem,
949 839 1024 921 quia
1043 839 1120 902 seie-

108 930 182 994 bam
205 930 239 993 in
257 930 336 993 urbe
354 932 466 993 nostra
485 951 524 993 ex
543 930 611 992 eius
629 927 718 992 modi
737 948 834 991 causa
852 929 1023 1011 collegium
1040 948 1121 1010 pon-

106 1020 231 1083 tificum
256 1018 336 1083 adiri
359 1019 474 1100 solere,
497 1021 542 1100 te,
566 1018 707 1100 domine,
736 1017 911 1081 maximum
932 1017 1120 1099 pontificem

108 1108 337 1173 consulendum
360 1108 481 1190 putavi,
505 1107 582 1190 quid
604 1107 774 1171 observare
796 1127 848 1170 me
870 1106 958 1170 velis.

469 1271 573 1330 nrm.
597 1265 759 1350 [numu]
1135 1291 1161 1331 ιο

451 1371 623 1419 TRAIANUS
647 1371 776 1418 PLINIO.

173 1461 299 1527 Durum
331 1466 380 1528 est
412 1463 579 1547 iniungere
611 1463 837 1527 necessitatem
868 1462 1119 1545 provincialibus

106 1552 295 1635 pontificum
324 1552 555 1634 adeundarum,
587 1551 616 1614 si
642 1551 794 1634 reliquias
825 1572 956 1615 suorum
985 1555 1120 1635 propter

107 1642 229 1724 aliquas
252 1642 353 1705 iustas
374 1662 484 1705 causas
503 1639 676 1704 transferre
696 1662 735 1703 ex
752 1640 824 1704 loeo
844 1641 878 1704 in
896 1640 994 1704 alium
1012 1641 1120 1705 locum

106 1731 215 1794 velint.
247 1728 415 1813 Sequenda
433 1750 509 1814 ergo
528 1729 637 1812 potius
656 1728 717 1792 tibi
740 1730 886 1812 exempla
905 1732 980 1793 sunt
999 1751 1160 1814 eorum,1s

107 1821 163 1903 qui
180 1820 236 1883 isti
254 1819 436 1902 provinciae
454 1818 675 1901 praefuerunt3
694 1840 732 1882 ex
752 1839 848 1882 causa
866 1819 980 1902 cuique
999 1819 1045 1883 ita
1063 1822 1120 1882 aut

106 1908 357 1991 permittendum
382 1911 437 1972 aut
459 1907 649 1992 negandum.

482 2070 570 2130 axx.
594 2066 741 2151 [nm]

306 2172 334 2220 C.
357 2171 496 2219 PLINIUS
521 2172 674 2219 TRAIANO
698 2172 923 2219 IMPERATORI.

72 2281 85 2328 1
175 2260 347 2338 Quaerenti
360 2261 449 2346 mihi,
464 2263 600 2345 domine,
614 2260 734 2326 Prusae
748 2262 805 2326 ubi
818 2266 929 2345 posset
948 2263 1119 2346 balineum,
1135 2287 1162 2327 ιο

107 2352 194 2435 quod
207 2352 379 2435 indulsisti,
394 2351 472 2434 fieri,
490 2352 612 2435 placuit
626 2352 726 2435 loona,
745 2352 779 2415 in
793 2372 856 2434 quo
870 2351 933 2415 fuit
948 2351 1119 2435 aliquando

108 2440 237 2524 domne,
259 2444 296 2503 ut
320 2441 427 2526 audio,
449 2439 597 2524 pulchra,
619 2460 706 2504 nunc
729 2440 880 2504 deformis
902 2441 1012 2505 ruinis.
1058 2440 1121 2505 Per

107 2529 170 2594 hoo
193 2530 278 2594 enim
301 2549 547 2612 consequemur,
579 2532 616 2593 ut
643 2528 829 2593 foedissima
857 2529 954 2594 facies
980 2530 1120 2594 civitatis

107 2623 247 2701 ornetur,
271 2621 367 2701 atque
386 2619 480 2682 etiam
500 2621 537 2681 ut
556 2618 626 2701 ipsa
646 2619 758 2683 civitas
778 2618 958 2702 amplietur,
976 2640 1036 2683 nec
1053 2620 1121 2684 ulla

107 2707 250 2771 aedificia
272 2708 445 2790 tollantur,
471 2707 539 2790 sed,
568 2729 648 2790 quae
672 2711 751 2771 sunt-
775 2710 935 2772 vetustate
959 2708 1120 2792 sublapsa,
1134 2733 1161 2774 ιι

71 2797 290 2860 arelaxentur
311 2797 346 2877 in
367 2797 490 2864 melius.
521 2794 583 2860 Est
601 2800 708 2860 autem
725 2795 822 2860 huius
842 2796 955 2860 domus
975 2797 1119 2862 condicio

106 2885 195 2948 talis:
227 2884 405 2969 legaverat
428 2906 498 2948 eam
522 2881 673 2949 claudius
691 2883 873 2968 Polyaenus
893 2883 1024 2950 Claudio
1044 2883 1121 2950 an-

107 2973 171 3037 sari
193 2974 350 3056 iussitque
373 2975 407 3037 in
425 2975 592 3057 peristylio
612 2974 770 3057 templum
790 2975 819 3038 ei
837 2974 916 3059 fieri,
938 2976 1062 3059 reliqua
1081 2998 1121 3039 ex

108 3062 203 3126 domo
222 3063 330 3127 locari.
353 3061 405 3126 Ex
424 3085 460 3127 ea
476 3063 614 3126 reditum
634 3063 819 3146 aliquandiu
833 3064 945 3128 civitas
962 3065 1119 3148 percepit3

107 3151 219 3215 deinde
242 3152 398 3233 paulatim
420 3152 538 3234 partim
563 3153 714 3235 spoliata,
736 3153 854 3235 partim
877 3154 1025 3239 neglecta
1047 3174 1120 3218 cum
1134 3178 1162 3218 ao

106 3240 274 3323 peristylio
299 3240 412 3304 domus
436 3243 506 3304 tota
529 3241 672 3324 collapsa
696 3244 755 3325 est,
777 3262 814 3305 ac
837 3241 901 3306 iam
919 3264 1020 3325 paene
1038 3242 1120 3307 nihil

107 3351 146 3393 ex
169 3329 290 3392 canisi
313 3329 416 3392 solum
440 3333 598 3414 superest3
629 3330 715 3413 quod
738 3333 789 3416 tu,
812 3330 952 3414 domine,
975 3333 1042 3396 sive
1066 3331 1120 3395 do-

7 3466 11 3473 ,
96 3418 231 3479 narreris
254 3418 378 3482 civitati
402 3418 469 3482 sive
492 3419 600 3483 venire
618 3419 757 3501 iusseris,
780 3423 913 3502 propter
932 3421 1121 3503 opportuni·

84 3527 311 3545 Q-

99 3631 107 3644 .
141 3593 179 3641 16
200 3593 234 3646 et
251 3609 291 3651 ex
313 3597 429 3670 Oeten„
446 3599 523 3657 KJ.
602 3602 641 3656 28
659 3597 712 3672 lex
730 3594 832 3666 tomol
848 3592 938 3648 KH.
