2506 3862
573 218 601 273 C.
620 219 717 273 PLINI

575 387 713 446 XXVIII.

395 488 423 536 c.
447 487 586 536 annuus
611 488 756 536 nonnuo
781 488 846 537 suo
871 487 896 536 s

103 597 116 643 1
203 578 282 643 Post
303 579 437 663 longum
456 582 583 662 tempus
602 579 756 663 epistulas
774 582 856 662 tuas,
875 579 930 643 sed
947 583 1012 642 tres
1030 578 1154 661 pariter

136 669 252 752 recepi,
276 688 385 731 omnes
409 667 676 752 elegantissimas,
704 668 953 751 amantissimas,
985 671 1017 731 et
1040 668 1152 749 quales

136 779 159 821 a·
178 761 210 821 te
232 757 349 840 venire,
371 757 558 840 praesertim
577 756 779 840 desideratas,
803 758 980 840 oportebat.
1008 755 1152 832 Quarum
1179 780 1194 820 s

136 868 200 910 una
223 846 364 930 iniungis
385 844 465 908 mihi
488 845 753 911 iucundissimum
772 847 995 928 ministerium,
1019 845 1058 908 ad
1077 844 1152 910 Plo-

135 935 247 1019 tinam,
266 935 500 999 sanctissimam
518 934 686 1018 feminam,
703 936 829 1000 litterae
847 939 922 999 tuae
940 935 1151 1018 perferantur.

101 1040 117 1088 2
136 1023 349 1089 Perfcrentur.
384 1021 507 1087 Eadem
526 1025 729 1089 commendas
748 1022 911 1108 Popilium
929 1023 1151 1088 Artemisium.

138 1112 255 1178 Statim
277 1112 431 1196 praestiti,
455 1113 541 1195 quod
564 1114 702 1197 petebat.
738 1111 863 1177 Indicas
887 1113 984 1177 etiam
1007 1113 1151 1177 modicas

135 1206 168 1266 te
190 1201 366 1265 vindemias
390 1202 565 1287 collegisse.
610 1200 797 1267 Communis
820 1203 899 1266 haec
929 1202 1008 1265 mihi
1032 1205 1150 1280 tecum,
1165 1229 1193 1268 ro

137 1311 331 1374 quamquam
349 1291 383 1353 in
402 1290 616 1355 diversissima
634 1296 724 1374 parte
742 1295 909 1375 terrarum,
932 1292 1073 1374 querella
1092 1296 1150 1355 est.

100 1379 247 1444 3Altera
270 1380 407 1462 epistula
433 1381 562 1444 nuntias
590 1381 692 1444 multa
721 1384 753 1444 te
785 1402 871 1445 nunc
899 1381 1032 1463 dictare,
1063 1402 1151 1445 nunc

136 1469 288 1552 scribere,
311 1468 427 1551 quibus
459 1490 518 1532 nos
550 1469 611 1532 tibi
641 1473 868 1552 repraesentes.
919 1467 1044 1533 Gratias
1073 1490 1150 1554 ag03

136 1578 263 1643 agerem
286 1558 398 1642 magis,
421 1558 448 1621 si
466 1580 517 1622 me
536 1558 592 1622 illa
610 1559 690 1642 ipsa,
713 1579 794 1640 quae
821 1557 934 1622 scribis
958 1562 1013 1622 aut
1037 1559 1149 1642 dictas,

134 1648 241 1733 legere
259 1647 424 1710 voluisses.
455 1645 499 1709 Et
519 1651 586 1711 erat
606 1669 744 1731 aequum
762 1651 799 1710 ut
817 1651 850 1712 te
869 1669 941 1712 mea
958 1648 1004 1711 ita
1022 1668 1073 1711 me
1091 1651 1149 1711 tua
1164 1673 1192 1714 rc

136 1737 254 1821 scripta
278 1756 477 1820 cognoscere,
500 1736 625 1800 etiamsi
649 1737 689 1799 ad
712 1737 810 1800 alium
834 1759 930 1820 quam
950 1737 989 1800 ad
1008 1759 1059 1800 me
1078 1758 1148 1820 per-

99 1841 117 1889 4
135 1826 283 1890 tinerent.
315 1823 481 1889 Polliceris
496 1826 530 1889 in
543 1825 616 1909 fine,
636 1847 708 1889 cum
723 1826 839 1890 certius
860 1825 897 1889 de
916 1826 1001 1889 vitae
1019 1830 1149 1890 nostrae

137 1914 337 1978 ordinatione
360 1914 482 1997 aliquid
505 1914 659 1998 audieris,
680 1915 825 1978 futurum
848 1918 880 1978 te
902 1914 1077 1999 fugitivum
1099 1916 1149 1978 rei

134 2003 301 2067 familiaris
325 2003 497 2086 statimque
520 2003 561 2066 ad
582 2025 641 2068 nos
666 2005 880 2086 evolaturum,
912 2005 967 2087 qui
994 2004 1058 2066 iam
1086 2003 1149 2067 tibi

136 2092 303 2175 compedes
318 2092 484 2175 nectimus,
503 2114 582 2175 quas
599 2093 796 2177 perfringere
813 2093 903 2156 nullo
923 2092 1018 2156 modo
1034 2093 1147 2175 possis.
1162 2118 1191 2158 sc

99 2195 116 2243 5
135 2179 243 2244 Tertia
266 2181 402 2264 epistula
426 2182 610 2245 continebat
633 2203 701 2245 esse
719 2182 779 2245 tibi
797 2182 954 2245 redditam
969 2182 1148 2245 orationem

134 2290 193 2352 pro
208 2267 357 2352 †Olario,
371 2291 504 2352 eamque
518 2270 619 2333 visam
633 2270 823 2352 uberiorem,
836 2292 932 2353 quam
948 2270 1072 2334 dicente
1086 2293 1148 2354 me,

30 2384 34 2391 ·
136 2358 284 2422 audiente
306 2361 338 2421 te
361 2358 467 2421 fuerit.
498 2356 559 2422 Est
577 2359 718 2442 uberior,
742 2357 844 2422 multa
867 2360 952 2423 enim
970 2364 1082 2443 postea
1100 2360 1148 2422 in-

136 2447 228 2512 serui.
260 2445 370 2511 Adicis
389 2447 467 2511 alias
486 2450 518 2510 te
536 2447 660 2510 litteras
680 2448 835 2512 curiosius
855 2450 989 2532 scriptas
1008 2448 1147 2534 misisse,

135 2559 176 2600 an
199 2536 385 2619 acceperim,
409 2535 542 2618 quaeris.
583 2534 660 2599 Non
682 2538 789 2620 accepi
813 2540 845 2601 et
868 2538 1010 2621 accipere
1033 2539 1146 2622 gestio.
1161 2561 1190 2602 ss

136 2624 274 2688 Proinde
292 2625 396 2708 prima
411 2646 536 2708 quaque
551 2625 717 2690 occasione
732 2628 824 2689 mitte
843 2627 997 2710 adpositis
1017 2626 1147 2709 quidem

135 2714 251 2796 usuris,
284 2735 362 2796 quas
391 2734 450 2798 ego
479 2711 570 2799 (num
598 2715 725 2799 parcius
754 2712 923 2802 pessumi)
956 2715 1146 2780 centesimas

138 2802 338 2885 computabo.
383 2800 472 2864 Vale.

590 2933 695 2990 XXIX.

391 3029 419 3077 C.
443 3032 581 3080 PLINIUS
605 3033 753 3081 RUSTICO
778 3033 842 3081 SUO
867 3033 893 3081 S.
1161 3041 1190 3081 80

102 3136 116 3184 1
202 3117 248 3183 Ut
267 3120 366 3184 satius
391 3124 438 3185 est
461 3144 561 3185 unum
586 3123 707 3206 aliquid
728 3124 898 3208 insigniter
922 3124 1025 3188 facere
1049 3147 1145 3208 quam

135 3208 274 3292 plurima
296 3209 511 3294 mediocriter,
541 3213 588 3275 ita
613 3213 752 3295 plurima
779 3213 993 3296 mediocriter,
1026 3215 1146 3278 sinon

135 3298 239 3381 possis
258 3319 358 3362 unum
378 3300 499 3382 aliquid
516 3301 692 3385 insigniter.
717 3300 809 3376 Quod
827 3302 955 3366 intuens
974 3324 1033 3387 ego
1048 3303 1144 3367 variis

134 3409 186 3451 me
218 3387 396 3451 studiorum
424 3390 594 3474 generibus
616 3391 698 3453 nulli
721 3391 797 3453 satis
822 3391 959 3455 confisus
990 3392 1144 3475 experior.

184 3530 204 3577 6
223 3528 257 3579 ut
275 3529 324 3582 ad'
337 3529 451 3599 Oetae„
466 3531 505 3587 K.
584 3536 618 3586 19
639 3529 710 3586 evol.
728 3547 786 3600 pu,
800 3530 889 3596 IIII,
904 3529 969 3584 adu.
980 3531 1067 3594 Dra,
1080 3532 1148 3582 KI.

90 3594 133 3644 22
147 3595 218 3650 a'm
234 3615 321 3658 craece
340 3605 416 3661 K.I.
497 3612 534 3662 31
556 3607 603 3662 est
623 3623 703 3674 νςα,
721 3621 775 3660 oro.
792 3602 829 3657 Κ.
