2506 3862
421 211 807 267 mrsruuaaunia-c.
1102 216 1123 281 3

110 377 143 438 te
165 372 201 438 in
223 375 288 438 alto
312 374 375 439 isto
398 375 574 460 pinguique
599 397 725 440 secessu
748 374 862 440 studiis
886 376 1027 442 adseris?
1050 377 1123 444 Hoc

19 525 21 529 ,
111 462 153 527 nit
175 463 343 549 negotium
366 466 467 548 tuum,
494 462 558 529 hoc
581 465 693 550 otium,
720 464 775 530 hic
797 464 897 549 labor,
920 466 999 530 haec
1022 465 1124 551 quies,

110 551 145 616 in
166 550 218 616 his
240 551 361 637 vigilia,
384 551 419 616 in
440 551 492 617 his
511 552 609 616 etiam
628 575 758 617 somnus
775 557 956 638 reponatur.
993 553 1123 642 Effinge
1142 572 1158 619 4

110 641 233 723 aliquid
256 645 288 706 et
311 640 440 725 excude,
464 642 551 725 quod
574 642 616 707 sit
638 646 794 728 perpetuo
820 647 922 708 tuum.
966 641 1052 708 Nam
1074 666 1122 709 re-

80 755 94 797 s
109 729 199 814 liqua
210 752 318 795 rerum
333 733 460 796 tuarum
475 734 596 815 postte
610 731 710 796 alium
724 734 820 814 atque
837 732 936 796 alium
956 731 1122 797 dominum

108 820 292 903 sortientur,
309 819 372 884 ho‘c
390 841 568 903 numquam
585 819 708 885 desinet
726 842 804 903 esse,
818 821 846 885 si
860 823 959 885 semel
973 823 1122 905 coeperit,

108 912 211 972 tuum.
240 905 323 992 Scio,
346 930 442 991 quem
467 909 620 994 animum,
644 909 730 992 quod
752 908 862 974 horter
884 911 1063 996 ingenium3
1085 914 1121 975 tu
1140 925 1155 974 5

108 995 206 1062 modo
233 997 365 1082 enitere,
392 1001 430 1062 ut
456 998 518 1062 tibi
541 999 610 1082 ipse
634 998 677 1063 sis
700 999 797 1083 tanti,
826 1000 938 1082 quanti
961 998 1119 1064 videberis

10 1124 19 1137 =
64 1092 67 1096 ’
108 1085 191 1171 aliis,
215 1087 242 1150 si
264 1086 325 1151 tibi
347 1086 456 1152 fueris.
499 1085 588 1151 Vale.

65 1273 93 1315 ro
589 1253 641 1310 IV.

211 1351 240 1399 c.
262 1352 400 1400 PLINIUS
423 1352 602 1400 Pournlnu
627 1353 823 1402 CELERINAE
848 1353 973 1401 socam
996 1353 1022 1402 s.

175 1441 338 1519 Quantum
362 1443 526 1526 copiarum
549 1443 584 1507 in
607 1440 806 1525 Ocriculano,
829 1443 862 1507 in
879 1441 1062 1527 Narniensi,
1084 1444 1119 1509 in
1138 1459 1152 1506 1

108 1528 298 1614 casulano,
324 1530 358 1594 in
385 1529 539 1596 Perusino
568 1533 638 1596 tuo!
666 1531 701 1596 in
722 1530 896 1597 Narniensi
920 1554 996 1596 vero
1022 1532 1119 1598 etiam

107 1619 279 1685 balineum.
315 1617 367 1683 Ex
390 1620 536 1703 epistulis
559 1620 639 1685 meis
663 1618 751 1707 (nam
773 1621 836 1684 iam
860 1621 925 1684 tuis
950 1643 1030 1705 opus
1054 1642 1120 1685 non

65 1734 92 1777 ιε
108 1705 170 1795 est)
194 1731 259 1773 una
281 1708 338 1773 illa
360 1707 466 1773 brevis
495 1712 641 1774 etvetus
665 1708 793 1773 suffieit.
839 1707 916 1772 Non
938 1708 1119 1775 mehercule
1138 1725 1153 1773 2

106 1801 173 1862 tam
202 1818 273 1862 mea
301 1800 390 1880 sunt,
419 1819 500 1881 quae
527 1819 599 1862 mea
626 1801 714 1881 sunt,
738 1818 834 1879 quam
861 1817 941 1880 quae
964 1801 1033 1881 tua,
1056 1798 1119 1864 hoc

105 1891 215 1951 tamen
242 1885 407 1969 differunt,
435 1886 522 1969 quod
550 1885 720 1950 sollicitius
749 1889 781 1949 et
808 1886 964 1950 intentius
991 1886 1040 1950 tui
1068 1908 1118 1952 me

106 1996 204 2058 quarn
233 1975 297 2039 mei
327 1975 501 2059 excipiunt.
547 1973 636 2038 Idem
664 1974 801 2039 fortasse
830 1974 955 2039 eveniet
983 1975 1058 2059 tibi,
1090 1976 1153 2040 sie

107 2063 233 2149 quando
248 2064 283 2129 in
296 2066 406 2128 nostra
421 2061 602 2128 deverteris.
635 2062 729 2140 Quod
742 2063 840 2129 velim
853 2063 961 2148 facias,
975 2065 1117 2147 primum

64 2179 91 2221 ao
104 2157 143 2218 ut
164 2151 296 2238 perinde
318 2152 437 2217 nostris
459 2152 555 2217 rebus
579 2173 615 2217 ao
633 2174 693 2217 nos
715 2153 781 2217 tuis
799 2153 980 2238 perfruaris,
1004 2153 1118 2218 deiude

104 2245 142 2305 ut
155 2242 219 2307 mei
234 2241 497 2327 expergiscantur
511 2240 691 2325 aliquando,
707 2242 762 2325 qui
777 2264 828 2306 me
843 2263 951 2306 secure
966 2262 1003 2306 ac
1016 2263 1117 2326 prope

104 2331 312 2417 neglegenter
335 2334 513 2415 expectant.
549 2329 635 2394 Nam
657 2331 785 2394 mitium
809 2331 1012 2396 dominorum
1032 2330 1117 2415 apud
1135 2345 1152 2393 4

105 2441 215 2485 servos
243 2421 313 2504 ipsa
341 2418 570 2484 consuetudine
597 2423 701 2484 metus
730 2420 896 2504 exolescit3
918 2418 1117 2483 novitatibus

105 2509 285 2573 excitantur
311 2508 505 2593 probarique
534 2506 673 2573 dominis
701 2529 758 2592 per
786 2508 866 2573 alios
894 2508 997 2593 magis
1021 2529 1116 2590 quam

63 2622 89 2665 as
104 2619 163 2682 per
184 2597 271 2680 ipsos
294 2596 450 2662 laborant.
487 2596 577 2662 Vale.

591 2762 627 2819 V.

272 2863 300 2912 c.
322 2862 461 2910 PLINIUS
485 2862 639 2910 voooruo
662 2862 808 2909 nomano
833 2860 898 2909 suo
923 2860 948 2909 S.

169 2950 331 3018 Vidistine
354 2974 546 3036 quemquam
569 2950 611 3016 M.
635 2951 761 3037 Regulo
784 2950 989 3034 timidiorem,
1011 2950 1148 3030 humi-1

102 3042 217 3108 liorem
243 3046 319 3126 post
340 3040 520 3106 Domitiani
542 3042 700 3105 mortem?
728 3040 787 3105 sub
812 3061 875 3123 quo
898 3061 965 3104 non
989 3039 1115 3103 minora

63 3130 227 3217 reflagitia
259 3130 461 3196 commiserat
494 3152 590 3215 quam
622 3130 681 3195 sub
713 3128 856 3213 Nerone,
888 3129 944 3193 sed
970 3129 1114 3193 tectiore.

104 3217 219 3305 Coepit
233 3220 344 3303 vereri,
357 3241 397 3283 ne
412 3218 474 3283 sibi
491 3219 655 3304 irascerer,
672 3239 732 3283 nec
749 3218 929 3302 fallebatur,
948 3215 1113 3281 irascebar.

174 3456 192 3503 4
215 3449 321 3504 excude
343 3465 420 3518 psa,
443 3448 481 3502 K.
492 3449 522 3514 Ι,
548 3448 608 3503 Otto
624 3449 694 3514 295,
717 3445 898 3516 Stau91669,
922 3446 1020 3501 excute
1046 3443 1112 3510 Fr,

103 3519 220 3577 exclude
239 3520 278 3575 Μ
285 3519 352 3587 VD,
370 3518 460 3574 ΚΠ.
525 3524 540 3571 6
564 3535 657 3586 numq.
678 3518 734 3573 des.
755 3533 824 3585 esse,
843 3516 867 3572 si
886 3534 906 3570 s.
927 3533 1013 3584 coep,
1032 3516 1113 3569 tuum

103 3592 205 3660 ms,
223 3591 323 3662 &aaut
336 3594 401 3660 662,
418 3607 513 3658 numq.
532 3592 613 3644 tuum
632 3589 688 3643 des.
704 3605 775 3657 esse,
793 3588 819 3643 si
836 3605 861 3643 s.
874 3603 957 3656 coep.
969 3585 1133 3648 Elicuit.

961 3674 978 3703 Ι·

942 3681 965 3728 t
