2506 3862
17 3622 23 3719 l

580 225 608 281 Ο.
628 225 725 279 PLINI

574 394 637 452 XV.
676 395 711 453 X.

318 496 346 543 c.
370 495 509 544 Pincus
533 495 638 543 ARRIO
662 393 844 543 inienio
869 494 934 543 suo
959 494 985 542 s.

110 602 123 650 1
212 585 292 651 Cum
311 607 421 650 versus
440 590 514 651 tuos
538 587 689 669 aemulor,
712 589 782 649 tum
805 586 952 668 maxime,
976 606 1072 668 quam
1092 584 1157 648 sint

144 677 230 760 boni,
253 676 408 759 experior.
446 673 491 740 Ut
510 675 595 738 enim
612 675 751 758 pictores
774 674 943 758 pulchram
963 673 1157 738 absolutam·

145 788 207 851 que
236 765 352 830 faciem
382 785 454 828 raro
484 764 546 827 11111
573 764 609 828 in
635 765 727 848 peius
758 764 931 849 effingunt,
963 764 1009 827 ita
1032 784 1092 847 ego
1117 762 1157 826 ab
1186 787 1198 826 1

110 854 207 919 ahoe
230 854 405 937 archetypo
429 852 521 916 labor
544 856 576 916 et
598 852 719 917 decido.
760 851 831 928 Quo
850 853 953 937 magis
976 852 1098 934 hortor,
1121 856 1158 915 ut

146 965 242 1026 quam
270 943 410 1026 plurima
441 943 602 1025 proferas,
635 964 715 1025 quae
745 941 866 1005 imitari
899 962 1010 1005 omnes
1043 961 1158 1005 concu-

145 1034 279 1116 piscant,
302 1052 397 1095 nemo
421 1034 477 1095 aut
499 1032 686 1114 paucissimi
708 1031 842 1115 possint.
888 1029 978 1094 Vale.

613 1196 692 1254 XVI.

258 1297 287 1346 Ο.
309 1296 449 1344 PLINIUS
472 1297 660 1344 AEFULANO
683 1295 910 1344 MARCELLINO
935 1295 1000 1344 SUO
1025 1295 1050 1343 S.
1173 1303 1199 1343 10

112 1401 125 1449 1
213 1385 428 1451 Tristissimus
458 1385 537 1451 haec
566 1385 627 1450 tibi
657 1386 761 1450 scribo
784 1385 931 1450 Fundani
961 1385 1064 1450 nostri
1091 1385 1159 1449 filia

147 1476 269 1540 minore
297 1476 460 1559 defuncta,
488 1497 552 1559 qua
574 1475 681 1558 puella
708 1475 791 1539 nihil
818 1497 972 1558 umquam
1002 1474 1158 1557 festivius,

148 1564 317 1629 amabilius
339 1585 399 1629 nec
421 1564 517 1628 modo
536 1564 683 1649 longiore
701 1565 776 1649 uita,
799 1565 855 1629 sed
877 1586 977 1648 prope
996 1564 1158 1627 immorta-

112 1668 127 1717 2
147 1655 239 1719 litate
263 1653 392 1740 dignius
415 1654 491 1718 vidi.
522 1652 676 1718 Nondum
699 1675 799 1717 annos
824 1652 1081 1736 quattuordecim
1099 1653 1159 1716 im·

147 1744 305 1828 pleverat,
337 1748 369 1807 et
392 1744 456 1807 iam
479 1741 528 1807 1111
551 1743 645 1806 anilis
668 1742 850 1826 prudentia,
878 1742 1065 1806 matronalis
1090 1763 1159 1826 gra-
1174 1765 1199 1806 11

148 1835 231 1897 vitas
261 1837 328 1897 erat
358 1836 522 1897 ettamen
552 1833 692 1896 suavitas
722 1831 874 1916 puellaris
905 1853 978 1896 cum
1008 1830 1159 1915 virginali

114 1923 346 1986 everecundia.
391 1920 438 1986 Ut
465 1920 522 1985 illa
548 1923 649 2005 patris
680 1920 856 1986 cervicibus
887 1919 1086 1984 inhaerebatl
1123 1924 1160 1984 ut

148 2032 207 2075 nos
244 2012 363 2075 amicos
400 2013 550 2093 paternos
587 2014 619 2072 et
652 2014 796 2074 amanter
831 2013 864 2073 et
895 2009 1038 2073 modeste
1076 2029 1160 2072 com-

148 2099 360 2183 plectebatur!
391 2095 599 2183 ut‘nutrices,
621 2102 659 2162 ut
681 2098 893 2184 paedagogos,
916 2101 953 2162 ut
975 2100 1160 2182 praecepto-

148 2210 199 2252 res
221 2209 280 2272 pro
304 2209 362 2252 suo
386 2208 545 2270 quemque
569 2187 676 2251 officio
701 2187 868 2273 diligebat!
893 2208 989 2270 quam
1009 2187 1160 2268 studiose,
1174 2210 1201 2250 ao

150 2299 246 2360 quam
280 2277 504 2362 intellegenter
526 2276 708 2340 lectitabat!
744 2280 780 2340 ut
812 2297 907 2360 parce
940 2274 1160 2357 custoditeque

148 2366 293 2431 ludebat!
318 2363 387 2441 Qua
405 2364 461 2428 illa
479 2365 700 2449 temperantia,
720 2386 783 2448 qua
800 2364 965 2448 patientia,
984 2386 1048 2447 qua
1062 2364 1160 2427 etiam

115 2469 131 2517 4
151 2456 331 2520 constantia
353 2454 561 2518 novissimam
584 2455 799 2518 valetudinem
822 2455 910 2518 tulit!
947 2452 1080 2517 Medicis
1105 2452 1161 2517 ob-

151 2544 351 2626 sequebatur,
375 2564 526 2625 sororem,
549 2547 673 2626 patrem
692 2542 922 2607 adhortabatur
940 2544 1107 2626 ipsamque
1127 2563 1160 2606 se

151 2634 337 2698 destitutam
368 2633 510 2715 corporis
542 2632 665 2696 viribus
697 2632 808 2718 vigore
840 2632 938 2696 animi
971 2631 1159 2696 sustinebat.
1175 2654 1201 2695 11

117 2721 290 2784 5Duravit
320 2720 374 2784 hic
405 2722 454 2785 1111
484 2743 587 2804 usque
614 2721 654 2785 ad
681 2726 858 2785 extremum
885 2742 945 2785 nec
972 2725 1029 2785 aut
1056 2722 1160 2804 spatio

151 2810 343 2874 valetudinis
367 2814 422 2874 aut
445 2814 533 2873 metu
556 2812 669 2874 mortis
692 2811 846 2874 infractus
870 2814 932 2893 est,
964 2831 1028 2893 quo
1051 2810 1161 2892 plures

152 2899 378 2983 gravioresque
404 2899 499 2963 nobis
527 2920 638 2964 causas
665 2899 859 2982 relinqueret
892 2902 923 2963 et
952 2898 1100 2963 desiderii
1130 2902 1162 2963 et

117 2988 279 3051 odoloris.
325 2985 352 3050 Ο
382 2989 474 3052 triste
504 2989 598 3073 plane
628 2989 840 3072 acerbumque
869 2989 979 3052 funus!
1012 3008 1030 3050 o
1058 2992 1161 3051 morte

152 3076 221 3158 ipsa
257 3077 371 3140 mortis
408 3081 534 3160 tempus
570 3077 748 3163 indignius!
790 3078 853 3141 iam
895 3077 1053 3141 destinata
1094 3081 1162 3140 erat
1175 3101 1202 3141 ao

152 3166 280 3250 egregio
303 3165 427 3249 iuveni,
460 3167 524 3229 iam
548 3168 667 3232 electus
690 3166 876 3251 nuptiarum
899 3166 983 3249 dies,
1014 3166 1078 3228 iam
1101 3187 1161 3230 nos

118 3255 264 3318 lvocati.
289 3252 382 3329 Quod
400 3256 553 3340 gaudium
573 3277 636 3339 quo
651 3277 794 3320 maerore
813 3259 973 3319 mutatum
993 3256 1054 3318 est!
1086 3252 1162 3318 Non

151 3365 283 3426 possum
307 3344 484 3426 exprimere
508 3344 628 3427 verbio,
657 3347 812 3427 quantum
841 3345 948 3408 animo
972 3344 1088 3407 vulnus
1112 3364 1161 3407 ac-

148 3433 301 3515 ceperim,
336 3455 409 3496 cum
434 3433 540 3498 audivi
563 3432 754 3498 Fundanum
777 3435 897 3517 ipsum,
929 3436 965 3497 ut
988 3433 1091 3496 multa
1113 3432 1160 3496 lu·

126 3548 352 3565 R—

183 3602 225 3649 10
239 3600 457 3665 1111111110
477 3613 547 3671 aaa.
568 3631 604 3672 ea
625 3615 664 3673 R.
742 3618 778 3669 11
797 3610 963 3683 expleverat
981 3608 1067 3676 Der·
