2506 3862
406 216 662 270 EPISTULARUM
680 216 719 269 111
738 222 763 283 9,
784 222 824 271 10.
1078 217 1118 279 'll

108 378 295 462 postulavit.
345 378 505 444 Neutrum
537 381 735 464 impetravit,
768 384 897 445 coactus
929 383 979 444 est
1008 380 1118 444 statim

108 466 316 552 respondere,
334 468 508 553 respondit,
527 471 648 533 malum
667 491 864 553 pravumque
883 469 1048 554 ingenium
1064 470 1119 532 ho-

108 557 206 620 minis
226 557 305 621 facit
323 561 360 621 ut
379 558 531 641 dubitem,
551 558 747 623 confidenter
764 581 806 621 an
825 561 1017 641 constanter,
1035 561 1120 623 certe

107 646 318 729 paratissime.
361 644 493 712 Obiecta
524 652 599 711 sunt
628 649 743 730 multa,
774 670 855 730 quae
887 648 991 731 magis
1023 670 1119 730 quam
1138 664 1172 710 33

81 736 337 819 epraevaricatio
368 741 561 819 nocuerunt3
592 737 670 819 quin
701 737 798 800 etiam
832 735 894 799 duo
928 737 1118 819 consulares,

107 823 307 906 Pomponius
330 824 435 890 Rufus
458 830 490 889 et
513 824 594 889 Libo
618 824 727 911 Frugi,
749 827 911 889 laeserunt
934 848 1006 888 eum
1030 825 1118 888 testi-

108 914 232 995 moni0,
259 918 423 997 tamquam
451 915 536 998 apud
563 915 701 978 iudicem
729 915 788 979 sub
816 914 1002 977 Domitiano
1032 912 1119 977 Salvi

107 1001 265 1066 Liberalis
288 1004 527 1068 accusatoribus
550 1003 712 1067 adfuisset.
758 1003 937 1068 Damnatus
961 1007 993 1067 et
1016 1003 1050 1066 in
1072 1003 1172 1066 111-34

108 1093 212 1155 sulam
235 1093 396 1177 relegatus
424 1096 480 1157 est.
517 1090 644 1175 Itaque,
672 1115 744 1156 cum
773 1091 900 1157 Castam
929 1113 1119 1174 accusarem,

67 1209 93 1248 10
107 1180 192 1243 nihil
214 1182 317 1266 magis
339 1182 451 1265 pressi,
477 1204 573 1264 quam
597 1181 684 1264 quod
711 1186 878 1246 accusator
900 1181 967 1245 eius
991 1203 1119 1264 praeva-

106 1270 273 1334 ricationis
297 1271 429 1334 crimine
453 1271 641 1355 corruisset,
663 1271 765 1354 pressi
783 1275 892 1334 tamen
914 1270 1046 1353 frustra3
1069 1291 1120 1334 ac-

108 1358 187 1423 cidit
210 1360 295 1423 enim
319 1382 369 1424 res
393 1360 552 1424 contraria
580 1364 612 1424 et
639 1381 735 1442 nova,
763 1363 800 1424 ut
825 1363 1009 1424 accusatore
1032 1380 1120 1442 prae-

106 1448 313 1512 varicationis
337 1448 487 1513 damnato
517 1471 571 1513 rea
600 1450 827 1513 absolveretur.
874 1446 1019 1530 Quaeris,
1043 1447 1120 1530 quid
1139 1462 1173 1510 35

106 1558 176 1619 nos,
200 1537 276 1600 dum
299 1537 378 1602 haec
401 1541 548 1623 aguntur.
585 1536 802 1603 Indicavimus
826 1539 950 1601 senatui
977 1560 1016 1600 ex
1038 1535 1120 1601 Nor-

67 1655 93 1694 15
109 1627 192 1690 bano
217 1626 365 1691 didicisse
388 1648 447 1691 nos
470 1627 633 1711 publicam
658 1648 785 1691 causam
809 1647 981 1708 rursusque
1005 1625 1120 1689 debere

108 1737 147 1779 ex
180 1716 306 1799 integro
340 1715 473 1798 discere,
506 1717 533 1779 si
570 1717 625 1779 ille
655 1715 891 1799 praevaricator
922 1714 1120 1798 probaretur,

107 1808 204 1886 atque
233 1804 288 1887 ita,
318 1803 394 1867 dum
425 1805 480 1868 ille
510 1805 674 1889 peragitur
703 1826 785 1886 reus,
817 1803 968 1867 sedimus.
1004 1800 1120 1866 Postea

106 1892 280 1958 Norbanus
295 1894 444 1958 omnibus
464 1894 576 1957 diebus
595 1893 790 1978 cognitionis
809 1892 956 1956 interfuit
975 1891 1120 1955 eandem-

107 2004 169 2065 que
192 2004 294 2064 usque
317 1982 357 2046 ad
380 1987 558 2047 extremum
582 1983 634 2046 vel
652 1982 865 2046 constantiam
885 1982 936 2045 vel
954 1981 1119 2045 audaciam

67 2098 93 2138 so
107 2072 249 2154 pertulit.

173 2159 342 2244 Interrogo
366 2161 434 2244 ipse
457 2183 518 2243 me,
541 2183 582 2223 an
609 2160 732 2243 aliquid
758 2160 920 2224 omiserim
945 2181 1065 2241 rursus,
1088 2162 1120 2222 et
1139 2173 1173 2221 36

106 2271 216 2313 rursus
240 2271 340 2333 paene
366 2250 469 2314 omisi.
507 2248 640 2313 Summo
670 2249 720 2313 die
745 2247 870 2312 Salvius
893 2248 1051 2312 Liberalis
1074 2270 1121 2311 re-

105 2339 213 2420 liquos
236 2339 360 2423 legatos
380 2339 520 2422 graviter
542 2339 710 2422 increpuit,
728 2341 893 2420 tamquam
916 2359 982 2400 non
1001 2358 1120 2418 omnes,

107 2448 188 2509 quos
212 2427 395 2491 mandasset
416 2428 595 2511 provincia,
622 2449 694 2491 reos
717 2427 928 2511 peregissent,
951 2429 1061 2508 atque,
1085 2428 1121 2488 ut

65 2542 92 2581 ss
108 2519 157 2579 est
184 2516 353 2580 vehemens
382 2519 414 2580 et
442 2516 587 2599 disertus,
614 2516 649 2579 in
673 2515 844 2580 discrimen
866 2514 1007 2577 adduxit.
1044 2511 1120 2576 Pro-

88 2604 175 2667 texi
198 2605 283 2670 viros
308 2605 448 2688 optimos
472 2605 664 2688 eosdemque
689 2605 903 2689 gratissimos3
931 2601 1012 2665 milri
1036 2606 1120 2666 certe

108 2692 222 2757 debere
246 2717 279 2759 se
306 2694 500 2778 praedicant,
529 2694 615 2776 quod
642 2694 735 2757 illum
763 2693 924 2757 turbinem
953 2692 1119 2755 evaserint.

106 2781 170 2847 Hic
193 2783 254 2846 erit
277 2783 433 2867 epistulae
455 2783 538 2865 finis,
560 2805 595 2847 re
618 2805 692 2846 vera
712 2783 800 2865 finis,
823 2782 964 2845 litteram
983 2803 1049 2844 non
1067 2781 1120 2844 ad·
1140 2796 1173 2843 31

107 2871 190 2953 dam,
205 2873 331 2937 etiamsi
346 2872 450 2935 adhuc
464 2871 587 2954 aliquid
600 2873 789 2955 praeterisse
803 2893 855 2934 me
870 2892 1006 2934 sensero.
1030 2868 1094 2934 Val
1114 2921 1119 2933 .

67 3056 93 3097 ao
597 3037 632 3097 X.

108 3136 136 3182 c.
160 3137 299 3183 PLINIUS
323 3137 508 3185 vnsrnlcro
534 3136 729 3184 3131111111
758 3136 822 3183 suo
848 3137 892 3182 111
918 3136 1068 3182 00111111
1093 3135 1119 3181 s.

174 3223 400 3310 Composuisse
423 3250 475 3291 me
499 3227 654 3310 quaedam
679 3226 717 3289 de
740 3227 808 3289 fflio
832 3229 939 3289 vestro
963 3247 1029 3288 non
1053 3224 1120 3286 dixi
1158 3240 1171 3287 1

106 3314 208 3398 vobis,
237 3338 310 3380 cum
337 3317 483 3400 proxime
511 3315 596 3400 apud
623 3337 680 3379 vos
703 3315 760 3397 fui,
787 3315 927 3398 primum
957 3315 1031 3397 quia
1054 3333 1121 3376 non

107 3403 179 3467 ideo
204 3405 401 3488 scripseram,
425 3410 461 3469 ut
485 3406 631 3488 dicerem,
655 3404 710 3468 sed
737 3407 774 3467 ut
801 3424 873 3467 meo
902 3403 1020 3482 amori,
1047 3423 1124 3462 meo

168 3602 183 3646 1
200 3597 360 3663 postulavit
374 3603 488 3673 Fpra,
512 3604 577 3664 Otto
594 3609 664 3676 299,
682 3601 869 3678 postulabat
884 3583 1073 3651 MVRR-
