2506 3862
409 219 666 274 ssisrunmuu
684 219 748 274 un
767 226 791 275 o.
1039 219 1103 285 201

94 387 183 449 nulla
205 406 240 449 re
262 383 311 448 fas
334 387 463 468 putaret
485 405 679 470 repugnare,
700 383 736 447 in
757 383 819 448 hac
842 404 970 467 quoque
992 405 1027 448 re
1050 385 1105 449 ob-

95 474 194 557 sequi.
217 471 398 559 Imaginare
412 471 592 538 Pallantem
605 475 695 538 velut
713 472 963 537 intercedentem
977 477 1106 538 senatis
1126 493 1158 543 11

94 563 241 630 consulto
273 562 557 646 moderantemque
587 561 726 627 honores
758 582 834 626 suos
864 565 897 626 et
923 563 1106 627 sestertium

94 652 215 718 centies
239 651 451 737 quinquagies
474 654 512 715 ut
533 650 670 716 nimium
693 654 903 733 recusantem,
926 672 999 715 cum
1018 673 1107 735 prae-

60 766 81 807 1
94 742 178 808 toria
201 745 389 805 ornamenta
412 745 576 824 tamquam
600 741 707 805 minus
725 741 909 825 recepisset,
931 740 1107 826 imaginare
1126 762 1159 811 12

94 829 261 896 Caesarem
279 830 388 895 liberti
406 830 554 915 precibus
573 831 625 894 vel
647 831 756 914 potius
779 829 915 914 irnperio
934 851 1042 895 coram
1061 852 1108 894 se-

94 923 173 984 natu
202 919 475 1003 obtemperantem
504 916 655 1005 (imperat
683 920 768 984 enim
797 918 932 983 libertus
962 923 1108 1003 patrono,

95 1030 191 1091 quem
214 1008 250 1072 in
271 1013 384 1073 senatu
406 1006 529 1095 rogat),
556 1008 732 1094 imaginare
759 1012 906 1073 senatum
929 1029 1108 1091 usquequa·

96 1120 158 1180 que
189 1101 361 1162 testantem
393 1098 509 1162 merito
536 1098 736 1181 libenterque
768 1119 802 1163 se
832 1097 917 1163 hano
949 1119 1108 1162 summam

56 1211 82 1251 10
95 1187 180 1251 inter
209 1187 350 1269 reliquos
381 1187 520 1252 honores
543 1185 683 1252 Pallanti
711 1188 854 1271 coepisse
877 1187 1044 1252 decernere
1076 1189 1109 1250 et

95 1279 370 1360 perseveraturum
393 1277 506 1359 fuisse,
533 1276 596 1341 nisi
620 1276 850 1359 obsequeretur
875 1277 1030 1361 principis
1053 1297 1109 1341 vo·

94 1365 221 1448 luntati,
245 1366 297 1430 oui
319 1387 386 1429 non
409 1369 492 1430 esset
513 1365 562 1430 fas
585 1365 620 1430 in
638 1367 705 1430 ulla
723 1387 757 1430 re
775 1386 960 1453 repugnare.
990 1364 1050 1449 Ita,
1067 1386 1108 1429 ne

95 1456 277 1520 sestertium
310 1455 429 1520 centies
462 1455 673 1541 quinquagies
706 1453 813 1519 Pallas
841 1477 881 1518 ex
903 1456 1024 1520 aerario
1047 1455 1109 1520 fer-

95 1547 157 1627 ret,
184 1542 375 1608 verecundia
397 1544 513 1627 ipsius,
545 1544 700 1628 obsequio
728 1547 857 1608 senatus
885 1565 966 1628 opus
988 1544 1052 1608 fuit
1073 1544 1109 1607 in

55 1655 81 1700 1⁶
94 1632 157 1698 hoe
179 1633 349 1717 praecipue
376 1655 442 1697 non
470 1633 666 1718 obsecuturi,
699 1634 726 1698 si
753 1634 788 1697 in
814 1633 881 1696 ulla
908 1637 1109 1717 reputasset

94 1722 143 1785 fas
168 1744 324 1786 essenon
348 1721 491 1805 obsequi.
517 1721 630 1787 Finem
649 1722 835 1786 existimas?
858 1721 953 1785 Mane
977 1723 1053 1786 dum
1076 1727 1109 1786 et
1128 1740 1161 1788 13

95 1811 217 1874 maiora
240 1811 361 1894 accipe:
385 1810 527 1896 ‘Utique
550 1834 623 1876 oum
642 1812 685 1875 sit
698 1811 778 1875 utile
791 1811 946 1895 principis
965 1811 1109 1895 benigni-

96 1900 195 1962 tatem
222 1901 498 1984 promptissimam
524 1901 566 1964 ad
595 1900 723 1965 laudem
750 1901 956 1984 praemiaque
987 1922 1109 1964 meren-

95 1987 178 2051 tium
201 1988 367 2053 inlustrari
388 1989 509 2072 ubique
532 1993 565 2054 et
585 1990 724 2054 maxime
746 1989 786 2053 iis
809 1989 898 2072 locis,
922 1989 1038 2073 quibus
1062 1989 1110 2052 in·

56 2101 83 2140 so
98 2077 190 2141 citari
213 2077 254 2141 ad
276 2077 490 2143 imitationem
513 2079 689 2163 praepositi
711 2100 818 2143 rerum
838 2078 905 2142 eius
925 2100 1019 2143 curae
1036 2100 1110 2162 pos-

96 2170 181 2250 sent,
214 2171 245 2231 et
268 2164 423 2232 Pallantis
447 2167 681 2251 spectatissima
704 2167 782 2231 fides
806 2172 902 2251 atque
926 2168 1109 2232 innocentia

96 2256 243 2339 exemplo
267 2277 441 2340 provocare
464 2257 606 2321 studium
625 2260 692 2320 tam
709 2255 863 2322 honestae
884 2257 1109 2321 aemulationis

95 2349 219 2429 posset,
251 2367 300 2429 ea,
333 2367 414 2429 quae
442 2345 481 2410 X.
504 2345 575 2410 Kal.
598 2344 803 2429 Februarias,
836 2367 917 2429 quae
944 2346 1110 2430 proximae

95 2434 245 2517 fuissent,
271 2434 307 2498 in
329 2435 527 2518 amplissimo
552 2434 662 2500 ordine
693 2434 834 2519 optimus
861 2435 1010 2519 princeps
1033 2434 1110 2499 reci-

56 2547 82 2587 11
96 2525 215 2606 111111,-
237 2526 429 2607 senatusque
453 2524 601 2589 consulta
624 2525 662 2588 de
685 2524 725 2588 iis
748 2524 843 2588 rebus
873 2524 958 2589 facta
980 2524 1016 2587 in
1038 2546 1110 2588 aere

96 2611 325 2694 inciderentur,
348 2613 443 2696 idque
466 2634 519 2678 aes
542 2613 695 2699 figeretur
717 2613 757 2676 ad
780 2616 919 2677 statuam
942 2612 1109 2678 loricatam

97 2699 163 2764 divi
181 2699 276 2764 Iulii'.
313 2699 431 2766 Parum
450 2702 556 2767 visum
575 2706 738 2767 tantorum
758 2701 949 2767 dedecorum
969 2724 1038 2767 esse
1057 2724 1109 2767 cu·
1129 2716 1162 2765 14

96 2790 177 2853 riam
205 2793 335 2873 testem,
367 2791 508 2855 delectus
532 2795 581 2855 est
608 2791 832 2857 celeberrimus
856 2793 956 2875 locus,
987 2792 1022 2855 in
1045 2813 1108 2875 quo

96 2878 231 2964 legenda
271 2879 512 2963 praesentibus,
557 2881 693 2965 legenda
732 2880 850 2944 futuris
890 2879 1109 2964 proderentur.

57 2995 82 3034 1ο
96 2966 223 3032 Placuit
241 2990 313 3032 aere
332 2968 453 3053 signari
473 2991 584 3034 omnes
597 2969 735 3034 honores
753 2969 1005 3035 fastidiosissimi
1022 2992 1110 3033 man-

97 3057 182 3141 cipii,
215 3078 359 3140 quosque
390 3057 590 3141 repudiasset
622 3081 779 3143 quosque,
811 3062 967 3143 quantum
991 3059 1031 3122 ad
1059 3057 1110 3122 de-

98 3147 256 3210 cernentis
279 3147 434 3230 pertinet,
465 3148 623 3232 gessisset.
669 3147 774 3213 Incisa
796 3152 829 3212 et
852 3148 1013 3232 insculpta
1036 3150 1110 3211 sunt

96 3235 236 3318 publicis
263 3235 464 3319 aeternisque
491 3237 709 3301 monumentis
735 3237 896 3320 praetoria
924 3239 1111 3301 ornamenta

97 3321 254 3388 Pallantis
283 3325 329 3389 sio
357 3325 449 3408 quasi
475 3325 604 3389 foedera
631 3325 776 3409 antiqua,
806 3326 853 3390 sic
881 3327 972 3410 quasi
1004 3345 1111 3389 sacrae

58 3435 84 3477 11
97 3413 193 3497 leges.
240 3411 343 3477 Tanta
364 3414 534 3498 principis,
563 3418 653 3478 tanta
676 3418 823 3498 senatus,
841 3419 941 3478 tanta
954 3414 1128 3474 11111111
1140 3425 1184 3464 xrs

158 3607 194 3656 19
211 3603 248 3658 iis
266 3623 294 3674 a,
313 3607 404 3679 ΚΠ,
426 3609 473 3668 his
495 3611 564 3684 Mr,
587 3613 665 3670 Κ.Ι.
743 3614 784 3664 ‘tt
800 3600 964 3667 ‘insculpta
984 3609 1016 3642 α-
