2506 3862
384 232 638 290 PANEGYMOUS
658 240 700 289 lt.
710 250 722 290 a
732 267 766 276 -
777 240 818 288 79.
828 249 849 290 s.
1060 235 1125 301 365

114 402 210 466 breve
231 404 266 464 et
288 401 402 486 fragile
423 403 482 463 est.
518 397 631 482 Itaque
655 400 814 483 optimum
834 418 992 482 quemque
1014 400 1076 464 niti
1094 405 1126 464 et

114 490 305 554 contendere
324 489 424 572 decet,
442 490 478 551 ut
496 492 571 571 post
589 506 623 552 se
642 506 770 572 quoque
783 488 830 551 rei
848 488 996 571 publicae
1014 491 1126 572 prosit,

115 579 343 643 moderationis
377 572 502 643 scilicet
537 577 742 661 iustitiaeque
779 577 1008 659 monumentis,
1045 599 1125 661 quae

115 669 254 751 plurima
277 671 416 748 statuere
440 666 552 730 consul
579 669 694 748 potest.
730 662 820 729 Haec
839 687 962 749 ‚nempe
988 666 1161 731 intentius

90 762 180 842 seue,
202 755 240 820 ut
261 757 443 820 libertatem
466 775 596 820 revoces
617 775 657 820 ao
674 754 814 819 reducas.
853 752 955 831 Quem
974 775 1051 841 ergo
1070 756 1126 820 ho·

115 863 227 932 norem
259 846 362 931 magis
394 862 514 928 amare,
547 845 633 927 quod
664 865 784 908 nomen
813 865 968 927 usurpare
1000 845 1126 928 saepius

116 935 220 1017 debes,
244 956 339 1018 quam
364 933 450 1018 quod
468 935 608 1017 primum
628 934 750 998 invenit
767 937 955 1017 recuperata
972 933 1126 998 libertas?

114 1022 191 1088 Non
212 1029 262 1087 est
284 1025 390 1088 minus
407 1022 503 1088 civile
527 1027 559 1087 et
575 1023 755 1106 principem
774 1043 842 1086 esse
860 1023 979 1105 pariter
1001 1025 1034 1086 et
1052 1043 1125 1086 con-
1145 1038 1162 1086 4

115 1113 217 1177 sidem
241 1131 337 1196 quam
360 1115 483 1176 tantum
515 1113 687 1177 consulem.
724 1111 816 1175 Habe
843 1112 940 1174 etiam
968 1111 1162 1176 rutionemt

76 1229 102 1270 ιο
115 1201 324 1266 verecundiae
354 1203 550 1286 collegarum
583 1205 726 1284 tuorum,
758 1201 954 1285 collegarum
981 1201 1127 1284 inquam3

115 1291 161 1355 ite
190 1291 275 1356 enim
304 1295 335 1354 et
362 1291 431 1374 ipse
457 1291 599 1373 loqueris
627 1294 660 1354 et
685 1311 745 1354 nos
771 1290 863 1372 loqui
889 1290 946 1354 ris.
983 1288 1162 1375 Onerosac

115 1381 177 1444 erit
198 1380 373 1444 modestiae
396 1380 526 1444 illorum
548 1380 636 1444 tertii
659 1378 845 1443 consuletis
868 1379 918 1441 sui
938 1378 1125 1462 recordatio,

115 1470 217 1533 donec
232 1470 264 1531 te
284 1469 410 1552 saepius
429 1465 592 1532 consulem
610 1468 747 1533 videant.
783 1462 897 1549 Neque
915 1469 1000 1532 enim
1018 1472 1125 1552 potest

115 1578 181 1621 non
213 1557 349 1622 nimium
382 1579 450 1622 esse
481 1557 625 1642 privetis,
654 1558 743 1641 quod
779 1557 917 1640 principi
954 1557 1031 1620 satis
1068 1561 1123 1621 est.

77 1645 258 1730 1sAdnuas,
272 1645 395 1730 Caesar,
410 1647 604 1730 optantibus,
623 1647 804 1730 quibusque
822 1645 908 1728 apud
922 1645 998 1710 deos
1016 1645 1125 1710 edesse

116 1737 286 1818 consuesti,
305 1756 442 1819 quorum
460 1740 552 1820 potes
572 1737 641 1818 ipse
659 1739 817 1818 votorum,
836 1738 1000 1818 compotes
1017 1734 1124 1798 facias.

116 1824 191 1888 Tibi
203 1824 339 1888 fortasse
353 1824 493 1889 sufficiat
506 1825 620 1889 tertius
634 1825 829 1905 consulatus,
853 1823 908 1887 sed
926 1824 1019 1887 nobis
1034 1827 1125 1887 tanto
1134 1823 1180 1889 79

116 1914 222 1977 minus
235 1914 366 1977 sufficit.
391 1913 451 1978 llle
469 1936 527 1979 nos
546 1914 688 1978 instituit
704 1917 739 1977 et
756 1913 891 1996 induxit,
905 1916 942 1976 ut
960 1917 992 1976 te
1009 1913 1127 1977 iterum

116 2002 296 2086 iterumque
313 2004 479 2066 consulem
498 2003 615 2066 habere
633 2003 808 2085 cupiamus.
845 2000 1022 2066 Remissius
1040 2001 1128 2065 istud
1147 2020 1162 2066 2

78 2123 103 2161 se
117 2087 394 2175 contenderemus,
423 2093 450 2156 si
477 2092 581 2156 adhuc
608 2093 812 2174 nesciremus,
839 2091 944 2174 qualis
973 2112 1057 2155 esses
1078 2091 1127 2154 fu·

117 2186 216 2245 turus.
254 2181 467 2245 Tolerabilius
489 2182 552 2245 fuit
570 2182 823 2263 experimentum
846 2181 896 2244 tui
913 2180 1007 2243 nobis
1031 2200 1126 2263 quam

117 2292 210 2334 uuum
229 2271 347 2356 negari.
380 2270 558 2335 Dabitume
576 2291 686 2334 rursus
704 2269 811 2333 videre
831 2270 994 2334 consulem
1012 2269 1127 2332 illum?
1146 2286 1163 2334 3

117 2358 244 2442 Audiet,
267 2359 377 2424 reddet
401 2381 479 2442 quas
502 2360 647 2444 proxime
670 2380 764 2423 voces
789 2357 1029 2442 praestabitque
1052 2352 1149 2442 gau?

117 2449 221 2532 dium,
252 2453 407 2531 quantum
436 2450 507 2532 ipse
536 2448 711 2533 percipiet?
758 2446 956 2512 Praesidebit
987 2445 1128 2510 laetitiae

79 2537 265 2619 republicae
289 2542 401 2602 auctor
419 2540 487 2603 eius
506 2542 538 2601 et
555 2559 651 2602 causa
669 2536 904 2620 temptabitque
922 2535 1054 2599 affectus
1073 2556 1128 2598 no-

119 2629 213 2708 stros,
232 2630 268 2690 ut
287 2626 378 2710 solet,
397 2626 568 2692 cohibere?
592 2648 658 2690 non
671 2627 797 2710 poterit.
821 2627 898 2688 Erit
909 2625 1022 2708 pietati
1041 2645 1128 2687 sens·
1147 2641 1164 2688 4

118 2719 171 2778 tus
184 2735 259 2778 cum
272 2717 430 2780 modestia
442 2716 597 2799 principis
610 2715 689 2778 felix
702 2716 945 2798 speciosumque
960 2717 1128 2796 certamen,

119 2825 176 2867 seu
193 2804 290 2867 fuerit
308 2805 393 2868 victa
413 2826 468 2868 seu
486 2805 607 2868 vicerit.
637 2803 795 2887 Equidem
814 2803 1011 2888 incognitam
1029 2823 1128 2886 quen—

118 2893 192 2956 dam
221 2894 431 2976 proximaque
460 2894 614 2958 maiorem
643 2914 812 2975 praesumo
842 2892 1006 2956 laetitiam.
1050 2890 1128 2967 Quis

79 3011 105 3050 ee
119 2983 205 3046 enim
225 2986 273 3045 est
290 2986 357 3046 tam
375 2983 530 3047 imbecilli
548 2982 678 3068 ingenii,
697 2983 753 3065 qui
771 3003 836 3045 non
854 2985 945 3044 tanto
963 2981 1128 3044 meliorem

119 3072 283 3136 consulem
311 3076 426 3156 speret,
453 3076 573 3155 quanto
606 3071 731 3155 saepius
761 3071 879 3135 fuerit?
919 3067 1012 3133 Alius
1045 3092 1078 3133 se
1110 3085 1164 3132 aa

189 3217 207 3264 9
221 3211 301 3265 Habe
311 3213 414 3277 Livia,
425 3213 462 3265 K.
469 3213 511 3277 H,
522 3211 632 3278 Buebr,
645 3208 740 3263 Habes
754 3212 840 3276 codd,
854 3210 926 3280 culp.
978 3213 1015 3261 ⁴20
1029 3208 1127 3262 nescir.

121 3283 165 3349 R,
185 3283 267 3337 KH
278 3284 348 3350 (iad.
363 3301 393 3352 p.
405 3284 495 3350 XII),
515 3282 626 3348 Boebr,
645 3298 701 3334 non
719 3282 781 3335 scir.
801 3283 872 3352 cuty.
937 3285 970 3332 26
989 3294 1045 3333 non
1060 3280 1129 3346 BA,

120 3354 231 3421 Boebr,
240 3371 292 3408 neo
301 3355 425 3423 poterit?
437 3355 499 3408 dett.
510 3355 595 3420 codd,
606 3352 644 3407 K.
657 3384 690 3394 -
705 3351 767 3405 Erit
776 3353 864 3422 Irips,
874 3352 975 3406 Bcebr.
1030 3355 1063 3403 30
1078 3350 1129 3402 im-

120 3422 216 3477 becilli
234 3425 342 3496 ingenii
355 3426 391 3493 A,
410 3424 546 3479 imbecilli
564 3425 678 3494 ingenio
697 3425 768 3495 culp.
788 3431 846 3490 cet,
865 3422 975 3488 Rcebr„
996 3420 1134 3484 imbecili„

120 3493 282 3562 modicello‚
305 3496 455 3564 modicilli,
482 3495 602 3551 indocili
628 3497 708 3553 codd.
734 3491 1158 3563 ·(e.es.1ia.ia,xma-s‚

116 3567 231 3632 [VM
246 3568 540 3637 12⁶)‚1'mb'eeilloin
560 3570 628 3626 enit
644 3571 685 3626 Κ.
735 3573 775 3621 bl
788 3582 823 3620 ue
835 3552 1127 3617 scammoniam
1132 3547 1179 3647 ab<

106 3636 133 3686 si
140 3638 177 3702 Ii,
187 3638 351 3705 KIIacd.
357 3660 391 3713 p.
401 3645 526 3716 Iqu.),
538 3590 661 3715 basaa,
671 3613 1208 3698 msuslsusieesseeuscffiam·
