<?xml version="1.0" encoding="UTF-8"?>
<!DOCTYPE html PUBLIC "-//W3C//DTD XHTML 1.0 Transitional//EN"
    "http://www.w3.org/TR/xhtml1/DTD/xhtml1-transitional.dtd">
<html xmlns="http://www.w3.org/1999/xhtml" xml:lang="en" lang="en">
 <head>
  <title>
</title>
<meta http-equiv="Content-Type" content="text/html;charset=utf-8" />
  <meta name='ocr-system' content='tesseract 3.04.00' />
  <meta name='ocr-capabilities' content='ocr_page ocr_carea ocr_par ocr_line ocrx_word'/>
</head>
<body>
  <div class='ocr_page' id='page_1' title='image "./cplinicaecilise04plingoog_0138.png"; bbox 0 0 2506 3862; ppageno 0'>
   <div class='ocr_carea' id='block_1_1' title="bbox 425 224 1128 294">
    <p class='ocr_par' dir='ltr' id='par_1_1' title="bbox 425 224 1128 294">
     <span class='ocr_line' id='line_1_1' title="bbox 425 224 1128 294; baseline 0.014 -14"><span class='ocrx_word' id='word_1_1' title='bbox 425 226 683 282; x_wconf 79' lang='lat' dir='ltr'><strong>EPISTULARUM</strong></span> <span class='ocrx_word' id='word_1_2' title='bbox 700 226 727 280; x_wconf 88' lang='lat' dir='ltr'><strong>V</strong></span> <span class='ocrx_word' id='word_1_3' title='bbox 746 231 770 294; x_wconf 75' lang='lat'>⁷,</span> <span class='ocrx_word' id='word_1_4' title='bbox 790 231 814 280; x_wconf 83' lang='lat'>8.</span> <span class='ocrx_word' id='word_1_5' title='bbox 1064 224 1128 290; x_wconf 75' lang='lat'>125</span> 
     </span>
    </p>
   </div>
   <div class='ocr_carea' id='block_1_2' title="bbox 114 387 1130 654">
    <p class='ocr_par' dir='ltr' id='par_1_2' title="bbox 114 387 1130 654">
     <span class='ocr_line' id='line_1_2' title="bbox 116 387 1129 476; baseline -0.002 -22"><span class='ocrx_word' id='word_1_6' title='bbox 116 412 188 474; x_wconf 91' lang='lat' dir='ltr'>que</span> <span class='ocrx_word' id='word_1_7' title='bbox 211 392 354 474; x_wconf 90' lang='lat' dir='ltr'>possim</span> <span class='ocrx_word' id='word_1_8' title='bbox 378 389 517 455; x_wconf 89' lang='lat' dir='ltr'>tollere</span> <span class='ocrx_word' id='word_1_9' title='bbox 539 390 679 476; x_wconf 81' lang='lat' dir='ltr'>humo&#39;3</span> <span class='ocrx_word' id='word_1_10' title='bbox 702 390 736 453; x_wconf 93' lang='lat' dir='ltr'>id</span> <span class='ocrx_word' id='word_1_11' title='bbox 758 390 844 454; x_wconf 93' lang='lat' dir='ltr'>enim</span> <span class='ocrx_word' id='word_1_12' title='bbox 868 394 944 454; x_wconf 92' lang='lat' dir='ltr'>voto</span> <span class='ocrx_word' id='word_1_13' title='bbox 968 411 1040 454; x_wconf 88' lang='lat' dir='ltr'>meo</span> <span class='ocrx_word' id='word_1_14' title='bbox 1064 387 1129 453; x_wconf 90' lang='lat' dir='ltr'>suf-</span> 
     </span>
     <span class='ocr_line' id='line_1_3' title="bbox 114 478 1129 565; baseline -0.001 -22"><span class='ocrx_word' id='word_1_15' title='bbox 114 481 196 564; x_wconf 87' lang='lat' dir='ltr'>ficit,</span> <span class='ocrx_word' id='word_1_16' title='bbox 219 480 301 546; x_wconf 89' lang='lat' dir='ltr'>illud</span> <span class='ocrx_word' id='word_1_17' title='bbox 324 502 421 564; x_wconf 89' lang='lat' dir='ltr'>supra</span> <span class='ocrx_word' id='word_1_18' title='bbox 443 484 555 544; x_wconf 88' lang='lat' dir='ltr'>votum</span> <span class='ocrx_word' id='word_1_19' title='bbox 579 479 798 563; x_wconf 70' lang='lat' dir='ltr'>‘victorque</span> <span class='ocrx_word' id='word_1_20' title='bbox 820 479 943 543; x_wconf 90' lang='lat' dir='ltr'>virum</span> <span class='ocrx_word' id='word_1_21' title='bbox 961 478 1129 565; x_wconf 90' lang='lat' dir='ltr'>volitare</span> 
     </span>
     <span class='ocr_line' id='line_1_4' title="bbox 115 567 1130 654; baseline 0 -22"><span class='ocrx_word' id='word_1_22' title='bbox 115 591 181 654; x_wconf 88' lang='lat' dir='ltr'>par</span> <span class='ocrx_word' id='word_1_23' title='bbox 204 570 289 635; x_wconf 89' lang='lat' dir='ltr'>ora&#39;.</span> <span class='ocrx_word' id='word_1_24' title='bbox 310 607 354 617; x_wconf 91' lang='lat'>-</span> <span class='ocrx_word' id='word_1_25' title='bbox 377 567 621 653; x_wconf 71' lang='lat' dir='ltr'>‘Quamquam</span> <span class='ocrx_word' id='word_1_26' title='bbox 645 569 689 634; x_wconf 82' lang='lat' dir='ltr'>ol&#39;</span> <span class='ocrx_word' id='word_1_27' title='bbox 714 570 770 634; x_wconf 92' lang='lat' dir='ltr'>sed</span> <span class='ocrx_word' id='word_1_28' title='bbox 787 569 851 633; x_wconf 91' lang='lat' dir='ltr'>hoc</span> <span class='ocrx_word' id='word_1_29' title='bbox 869 570 947 633; x_wconf 90' lang='lat' dir='ltr'>satis</span> <span class='ocrx_word' id='word_1_30' title='bbox 966 572 1024 652; x_wconf 90' lang='lat' dir='ltr'>est,</span> <span class='ocrx_word' id='word_1_31' title='bbox 1042 567 1130 652; x_wconf 89' lang='lat' dir='ltr'>quod</span> 
     </span>
    </p>
   </div>
   <div class='ocr_carea' id='block_1_3' title="bbox 78 656 1190 3417">
    <p class='ocr_par' dir='ltr' id='par_1_3' title="bbox 78 656 1190 3417">
     <span class='ocr_line' id='line_1_5' title="bbox 115 656 1183 743; baseline 0 -21"><span class='ocrx_word' id='word_1_32' title='bbox 115 681 215 743; x_wconf 85' lang='lat' dir='ltr'>prope</span> <span class='ocrx_word' id='word_1_33' title='bbox 239 660 308 724; x_wconf 91' lang='lat' dir='ltr'>sola</span> <span class='ocrx_word' id='word_1_34' title='bbox 330 658 466 723; x_wconf 89' lang='lat' dir='ltr'>historia</span> <span class='ocrx_word' id='word_1_35' title='bbox 494 658 641 742; x_wconf 81' lang='lat' dir='ltr'>polliceri</span> <span class='ocrx_word' id='word_1_36' title='bbox 672 656 808 723; x_wconf 87' lang='lat' dir='ltr'>videtur.</span> <span class='ocrx_word' id='word_1_37' title='bbox 863 656 1010 723; x_wconf 73' lang='lat' dir='ltr'>Orationi</span> <span class='ocrx_word' id='word_1_38' title='bbox 1042 657 1129 722; x_wconf 86' lang='lat' dir='ltr'>enim</span> <span class='ocrx_word' id='word_1_39' title='bbox 1165 674 1183 722; x_wconf 82' lang='lat'>4</span> 
     </span>
     <span class='ocr_line' id='line_1_6' title="bbox 89 746 1130 834; baseline -0.008 -17"><span class='ocrx_word' id='word_1_40' title='bbox 89 752 149 818; x_wconf 82' lang='lat' dir='ltr'>set</span> <span class='ocrx_word' id='word_1_41' title='bbox 172 749 306 813; x_wconf 85' lang='lat' dir='ltr'>carmini</span> <span class='ocrx_word' id='word_1_42' title='bbox 328 770 426 831; x_wconf 91' lang='lat' dir='ltr'>parva</span> <span class='ocrx_word' id='word_1_43' title='bbox 454 749 570 834; x_wconf 80' lang='lat' dir='ltr'>gratia,</span> <span class='ocrx_word' id='word_1_44' title='bbox 602 748 666 812; x_wconf 91' lang='lat' dir='ltr'>nisi</span> <span class='ocrx_word' id='word_1_45' title='bbox 698 746 883 831; x_wconf 75' lang='lat' dir='ltr'>eloquentia</span> <span class='ocrx_word' id='word_1_46' title='bbox 914 752 963 812; x_wconf 90' lang='lat' dir='ltr'>est</span> <span class='ocrx_word' id='word_1_47' title='bbox 994 768 1130 830; x_wconf 89' lang='lat' dir='ltr'>summa,</span> 
     </span>
     <span class='ocr_line' id='line_1_7' title="bbox 115 835 1130 921; baseline -0.002 -20"><span class='ocrx_word' id='word_1_48' title='bbox 115 837 250 901; x_wconf 87' lang='lat' dir='ltr'>historia</span> <span class='ocrx_word' id='word_1_49' title='bbox 274 858 403 921; x_wconf 89' lang='lat' dir='ltr'>quoquo</span> <span class='ocrx_word' id='word_1_50' title='bbox 428 837 524 900; x_wconf 93' lang='lat' dir='ltr'>modo</span> <span class='ocrx_word' id='word_1_51' title='bbox 549 837 669 920; x_wconf 89' lang='lat' dir='ltr'>scripta</span> <span class='ocrx_word' id='word_1_52' title='bbox 687 837 833 902; x_wconf 89' lang='lat' dir='ltr'>delectat.</span> <span class='ocrx_word' id='word_1_53' title='bbox 866 835 949 902; x_wconf 83' lang='lat' dir='ltr'>Sunt</span> <span class='ocrx_word' id='word_1_54' title='bbox 967 837 1054 901; x_wconf 90' lang='lat' dir='ltr'>enim</span> <span class='ocrx_word' id='word_1_55' title='bbox 1072 835 1130 900; x_wconf 87' lang='lat' dir='ltr'>ho-</span> 
     </span>
     <span class='ocr_line' id='line_1_8' title="bbox 117 924 1128 1010; baseline 0 -20"><span class='ocrx_word' id='word_1_56' title='bbox 117 928 218 991; x_wconf 89' lang='lat' dir='ltr'>mines</span> <span class='ocrx_word' id='word_1_57' title='bbox 241 931 355 991; x_wconf 89' lang='lat' dir='ltr'>natura</span> <span class='ocrx_word' id='word_1_58' title='bbox 378 926 497 992; x_wconf 90' lang='lat' dir='ltr'>curiosi</span> <span class='ocrx_word' id='word_1_59' title='bbox 520 930 553 991; x_wconf 88' lang='lat' dir='ltr'>et</span> <span class='ocrx_word' id='word_1_60' title='bbox 577 926 757 1010; x_wconf 89' lang='lat' dir='ltr'>quamlibet</span> <span class='ocrx_word' id='word_1_61' title='bbox 778 926 865 991; x_wconf 89' lang='lat' dir='ltr'>nuda</span> <span class='ocrx_word' id='word_1_62' title='bbox 887 948 994 990; x_wconf 89' lang='lat' dir='ltr'>rerum</span> <span class='ocrx_word' id='word_1_63' title='bbox 1018 924 1128 1010; x_wconf 84' lang='lat' dir='ltr'>cogni·</span> 
     </span>
     <span class='ocr_line' id='line_1_9' title="bbox 116 1015 1130 1100; baseline -0.001 -21"><span class='ocrx_word' id='word_1_64' title='bbox 116 1016 204 1080; x_wconf 91' lang='lat' dir='ltr'>tione</span> <span class='ocrx_word' id='word_1_65' title='bbox 227 1017 410 1100; x_wconf 90' lang='lat' dir='ltr'>capiuntur,</span> <span class='ocrx_word' id='word_1_66' title='bbox 437 1016 554 1099; x_wconf 85' lang='lat' dir='ltr'>utqui</span> <span class='ocrx_word' id='word_1_67' title='bbox 578 1015 789 1081; x_wconf 78' lang='lat' dir='ltr'>sermunculis</span> <span class='ocrx_word' id='word_1_68' title='bbox 817 1016 915 1079; x_wconf 89' lang='lat' dir='ltr'>etiam</span> <span class='ocrx_word' id='word_1_69' title='bbox 938 1015 1130 1098; x_wconf 79' lang='lat' dir='ltr'>fabellisque</span> 
     </span>
     <span class='ocr_line' id='line_1_10' title="bbox 117 1102 1131 1188; baseline -0.001 -20"><span class='ocrx_word' id='word_1_70' title='bbox 117 1105 282 1170; x_wconf 88' lang='lat' dir='ltr'>ducantur.</span> <span class='ocrx_word' id='word_1_71' title='bbox 328 1104 381 1168; x_wconf 86' lang='lat' dir='ltr'>Me</span> <span class='ocrx_word' id='word_1_72' title='bbox 404 1127 479 1170; x_wconf 89' lang='lat' dir='ltr'>vero</span> <span class='ocrx_word' id='word_1_73' title='bbox 503 1105 543 1169; x_wconf 91' lang='lat' dir='ltr'>ad</span> <span class='ocrx_word' id='word_1_74' title='bbox 566 1105 629 1170; x_wconf 90' lang='lat' dir='ltr'>hoc</span> <span class='ocrx_word' id='word_1_75' title='bbox 652 1105 795 1170; x_wconf 90' lang='lat' dir='ltr'>studium</span> <span class='ocrx_word' id='word_1_76' title='bbox 818 1104 958 1188; x_wconf 74' lang='lat' dir='ltr'>impellit</span> <span class='ocrx_word' id='word_1_77' title='bbox 981 1102 1131 1168; x_wconf 89' lang='lat' dir='ltr'>domesti-</span> 
     </span>
     <span class='ocr_line' id='line_1_11' title="bbox 78 1192 1184 1278; baseline -0.004 -17"><span class='ocrx_word' id='word_1_78' title='bbox 78 1224 104 1264; x_wconf 84' lang='grc' dir='ltr'>ιο</span> <span class='ocrx_word' id='word_1_79' title='bbox 118 1215 191 1258; x_wconf 84' lang='lat' dir='ltr'>cum</span> <span class='ocrx_word' id='word_1_80' title='bbox 214 1216 343 1278; x_wconf 89' lang='lat' dir='ltr'>quoque</span> <span class='ocrx_word' id='word_1_81' title='bbox 362 1194 553 1278; x_wconf 88' lang='lat' dir='ltr'>exemplum.</span> <span class='ocrx_word' id='word_1_82' title='bbox 593 1192 779 1258; x_wconf 81' lang='lat' dir='ltr'>Avunculus</span> <span class='ocrx_word' id='word_1_83' title='bbox 798 1216 887 1258; x_wconf 88' lang='lat' dir='ltr'>meus</span> <span class='ocrx_word' id='word_1_84' title='bbox 906 1194 1055 1277; x_wconf 88' lang='lat' dir='ltr'>idemque</span> <span class='ocrx_word' id='word_1_85' title='bbox 1073 1214 1131 1276; x_wconf 88' lang='lat' dir='ltr'>per</span> <span class='ocrx_word' id='word_1_86' title='bbox 1167 1206 1184 1257; x_wconf 79' lang='lat' dir='ltr'>o</span> 
     </span>
     <span class='ocr_line' id='line_1_12' title="bbox 117 1282 1131 1370; baseline -0.001 -24"><span class='ocrx_word' id='word_1_87' title='bbox 117 1284 322 1368; x_wconf 91' lang='lat' dir='ltr'>adoptionem</span> <span class='ocrx_word' id='word_1_88' title='bbox 355 1287 447 1366; x_wconf 88' lang='lat' dir='ltr'>pater</span> <span class='ocrx_word' id='word_1_89' title='bbox 478 1283 629 1348; x_wconf 85' lang='lat' dir='ltr'>historias</span> <span class='ocrx_word' id='word_1_90' title='bbox 662 1287 695 1348; x_wconf 92' lang='lat' dir='ltr'>et</span> <span class='ocrx_word' id='word_1_91' title='bbox 727 1283 857 1367; x_wconf 89' lang='lat' dir='ltr'>quidem</span> <span class='ocrx_word' id='word_1_92' title='bbox 889 1282 1131 1370; x_wconf 84' lang='lat' dir='ltr'>religiosissimo</span> 
     </span>
     <span class='ocr_line' id='line_1_13' title="bbox 118 1370 1132 1457; baseline -0.003 -20"><span class='ocrx_word' id='word_1_93' title='bbox 118 1374 254 1456; x_wconf 80' lang='lat' dir='ltr'>scripsit.</span> <span class='ocrx_word' id='word_1_94' title='bbox 291 1370 424 1437; x_wconf 82' lang='lat' dir='ltr'>Invenio</span> <span class='ocrx_word' id='word_1_95' title='bbox 449 1377 556 1437; x_wconf 90' lang='lat' dir='ltr'>autem</span> <span class='ocrx_word' id='word_1_96' title='bbox 579 1374 666 1457; x_wconf 92' lang='lat' dir='ltr'>apud</span> <span class='ocrx_word' id='word_1_97' title='bbox 690 1374 844 1457; x_wconf 85' lang='lat' dir='ltr'>sepientis</span> <span class='ocrx_word' id='word_1_98' title='bbox 866 1373 1132 1437; x_wconf 89' lang='lat' dir='ltr'>honestissimum</span> 
     </span>
     <span class='ocr_line' id='line_1_14' title="bbox 118 1462 1132 1548; baseline -0.002 -22"><span class='ocrx_word' id='word_1_99' title='bbox 118 1484 186 1527; x_wconf 86' lang='lat' dir='ltr'>esse</span> <span class='ocrx_word' id='word_1_100' title='bbox 218 1463 376 1526; x_wconf 85' lang='lat' dir='ltr'>maiorum</span> <span class='ocrx_word' id='word_1_101' title='bbox 406 1463 544 1548; x_wconf 79' lang='lat' dir='ltr'>vestigia</span> <span class='ocrx_word' id='word_1_102' title='bbox 575 1463 675 1546; x_wconf 91' lang='lat' dir='ltr'>sequi,</span> <span class='ocrx_word' id='word_1_103' title='bbox 709 1464 736 1526; x_wconf 89' lang='lat' dir='ltr'>si</span> <span class='ocrx_word' id='word_1_104' title='bbox 768 1462 865 1526; x_wconf 92' lang='lat' dir='ltr'>modo</span> <span class='ocrx_word' id='word_1_105' title='bbox 898 1466 985 1527; x_wconf 88' lang='lat' dir='ltr'>recto</span> <span class='ocrx_word' id='word_1_106' title='bbox 1017 1462 1132 1525; x_wconf 88' lang='lat' dir='ltr'>itinero</span> 
     </span>
     <span class='ocr_line' id='line_1_15' title="bbox 118 1549 1132 1638; baseline -0.001 -23"><span class='ocrx_word' id='word_1_107' title='bbox 118 1552 355 1635; x_wconf 81' lang='lat' dir='ltr'>praecesserint.</span> <span class='ocrx_word' id='word_1_108' title='bbox 397 1549 463 1615; x_wconf 79' lang='lat' dir='ltr'>Cur</span> <span class='ocrx_word' id='word_1_109' title='bbox 485 1572 561 1638; x_wconf 83' lang='lat' dir='ltr'>ergo</span> <span class='ocrx_word' id='word_1_110' title='bbox 586 1552 741 1617; x_wconf 79' lang='lat' dir='ltr'>cunctor?</span> <span class='ocrx_word' id='word_1_111' title='bbox 764 1550 827 1637; x_wconf 80' lang='lat' dir='ltr'>Egi</span> <span class='ocrx_word' id='word_1_112' title='bbox 851 1573 984 1637; x_wconf 79' lang='lat' dir='ltr'>magnas</span> <span class='ocrx_word' id='word_1_113' title='bbox 1008 1554 1039 1614; x_wconf 93' lang='lat' dir='ltr'>et</span> <span class='ocrx_word' id='word_1_114' title='bbox 1063 1572 1132 1636; x_wconf 78' lang='lat' dir='ltr'>gra-</span> 
     </span>
     <span class='ocr_line' id='line_1_16' title="bbox 78 1639 1186 1724; baseline -0.004 -18"><span class='ocrx_word' id='word_1_115' title='bbox 78 1659 104 1708; x_wconf 72' lang='grc'>11</span> <span class='ocrx_word' id='word_1_116' title='bbox 118 1663 172 1704; x_wconf 85' lang='lat' dir='ltr'>ves</span> <span class='ocrx_word' id='word_1_117' title='bbox 203 1663 323 1705; x_wconf 87' lang='lat' dir='ltr'>causas.</span> <span class='ocrx_word' id='word_1_118' title='bbox 368 1639 450 1724; x_wconf 90' lang='lat' dir='ltr'>Has,</span> <span class='ocrx_word' id='word_1_119' title='bbox 483 1642 609 1705; x_wconf 89' lang='lat' dir='ltr'>etiamsi</span> <span class='ocrx_word' id='word_1_120' title='bbox 642 1642 724 1705; x_wconf 90' lang='lat' dir='ltr'>mihi</span> <span class='ocrx_word' id='word_1_121' title='bbox 756 1641 861 1705; x_wconf 93' lang='lat' dir='ltr'>tenuis</span> <span class='ocrx_word' id='word_1_122' title='bbox 894 1662 934 1703; x_wconf 88' lang='lat' dir='ltr'>ex</span> <span class='ocrx_word' id='word_1_123' title='bbox 965 1639 1016 1703; x_wconf 87' lang='lat' dir='ltr'>his</span> <span class='ocrx_word' id='word_1_124' title='bbox 1049 1660 1132 1722; x_wconf 89' lang='lat' dir='ltr'>spes,</span> <span class='ocrx_word' id='word_1_125' title='bbox 1170 1655 1186 1702; x_wconf 84' lang='grc'>0</span> 
     </span>
     <span class='ocr_line' id='line_1_17' title="bbox 119 1728 1133 1813; baseline -0.001 -20"><span class='ocrx_word' id='word_1_126' title='bbox 119 1730 243 1794; x_wconf 87' lang='lat' dir='ltr'>destino</span> <span class='ocrx_word' id='word_1_127' title='bbox 267 1733 449 1813; x_wconf 89' lang='lat' dir='ltr'>retractare,</span> <span class='ocrx_word' id='word_1_128' title='bbox 471 1753 512 1794; x_wconf 89' lang='lat' dir='ltr'>ne</span> <span class='ocrx_word' id='word_1_129' title='bbox 534 1734 644 1794; x_wconf 89' lang='lat' dir='ltr'>tantus</span> <span class='ocrx_word' id='word_1_130' title='bbox 668 1730 724 1795; x_wconf 91' lang='lat' dir='ltr'>ille</span> <span class='ocrx_word' id='word_1_131' title='bbox 746 1730 839 1795; x_wconf 90' lang='lat' dir='ltr'>labor</span> <span class='ocrx_word' id='word_1_132' title='bbox 857 1751 956 1812; x_wconf 89' lang='lat' dir='ltr'>meus,</span> <span class='ocrx_word' id='word_1_133' title='bbox 979 1728 1043 1792; x_wconf 89' lang='lat' dir='ltr'>nisi</span> <span class='ocrx_word' id='word_1_134' title='bbox 1060 1728 1133 1810; x_wconf 90' lang='lat' dir='ltr'>hoc,</span> 
     </span>
     <span class='ocr_line' id='line_1_18' title="bbox 119 1817 1133 1903; baseline -0.002 -21"><span class='ocrx_word' id='word_1_135' title='bbox 119 1818 206 1902; x_wconf 90' lang='lat' dir='ltr'>quod</span> <span class='ocrx_word' id='word_1_136' title='bbox 223 1819 381 1902; x_wconf 91' lang='lat' dir='ltr'>reliquum</span> <span class='ocrx_word' id='word_1_137' title='bbox 407 1823 456 1883; x_wconf 89' lang='lat' dir='ltr'>est</span> <span class='ocrx_word' id='word_1_138' title='bbox 474 1819 587 1903; x_wconf 87' lang='lat' dir='ltr'>studii,</span> <span class='ocrx_word' id='word_1_139' title='bbox 610 1820 770 1903; x_wconf 81' lang='lat' dir='ltr'>addidero,</span> <span class='ocrx_word' id='word_1_140' title='bbox 793 1840 920 1884; x_wconf 88' lang='lat' dir='ltr'>mecum</span> <span class='ocrx_word' id='word_1_141' title='bbox 943 1818 1063 1901; x_wconf 90' lang='lat' dir='ltr'>pariter</span> <span class='ocrx_word' id='word_1_142' title='bbox 1086 1817 1133 1880; x_wconf 95' lang='lat' dir='ltr'>in-</span> 
     </span>
     <span class='ocr_line' id='line_1_19' title="bbox 118 1905 1186 1992; baseline -0.003 -20"><span class='ocrx_word' id='word_1_143' title='bbox 118 1908 263 1972; x_wconf 88' lang='lat' dir='ltr'>tercidat.</span> <span class='ocrx_word' id='word_1_144' title='bbox 308 1907 408 1991; x_wconf 91' lang='lat' dir='ltr'>Nam,</span> <span class='ocrx_word' id='word_1_145' title='bbox 431 1909 459 1972; x_wconf 91' lang='lat' dir='ltr'>si</span> <span class='ocrx_word' id='word_1_146' title='bbox 481 1910 639 1973; x_wconf 90' lang='lat' dir='ltr'>rationem</span> <span class='ocrx_word' id='word_1_147' title='bbox 662 1908 861 1992; x_wconf 84' lang='lat' dir='ltr'>posteritatis</span> <span class='ocrx_word' id='word_1_148' title='bbox 885 1908 1020 1990; x_wconf 89' lang='lat' dir='ltr'>habeas,</span> <span class='ocrx_word' id='word_1_149' title='bbox 1043 1905 1133 1989; x_wconf 90' lang='lat' dir='ltr'>quid·</span> <span class='ocrx_word' id='word_1_150' title='bbox 1171 1922 1186 1970; x_wconf 74' lang='lat'><strong>7</strong></span> 
     </span>
     <span class='ocr_line' id='line_1_20' title="bbox 119 1995 1133 2082; baseline -0.001 -22"><span class='ocrx_word' id='word_1_151' title='bbox 119 1997 197 2080; x_wconf 90' lang='lat' dir='ltr'>quid</span> <span class='ocrx_word' id='word_1_152' title='bbox 215 2018 282 2060; x_wconf 90' lang='lat' dir='ltr'>non</span> <span class='ocrx_word' id='word_1_153' title='bbox 305 2001 354 2062; x_wconf 90' lang='lat' dir='ltr'>est</span> <span class='ocrx_word' id='word_1_154' title='bbox 376 2002 551 2082; x_wconf 90' lang='lat' dir='ltr'>peractum,</span> <span class='ocrx_word' id='word_1_155' title='bbox 574 2020 632 2082; x_wconf 92' lang='lat' dir='ltr'>pro</span> <span class='ocrx_word' id='word_1_156' title='bbox 656 2020 722 2062; x_wconf 90' lang='lat' dir='ltr'>non</span> <span class='ocrx_word' id='word_1_157' title='bbox 744 1997 896 2063; x_wconf 89' lang='lat' dir='ltr'>inchoato</span> <span class='ocrx_word' id='word_1_158' title='bbox 920 2001 977 2061; x_wconf 91' lang='lat' dir='ltr'>est.</span> <span class='ocrx_word' id='word_1_159' title='bbox 1022 1995 1133 2059; x_wconf 90' lang='lat' dir='ltr'>Dices:</span> 
     </span>
     <span class='ocr_line' id='line_1_21' title="bbox 80 2085 1135 2170; baseline -0.005 -16"><span class='ocrx_word' id='word_1_160' title='bbox 80 2115 106 2154; x_wconf 80' lang='lat' dir='ltr'>so</span> <span class='ocrx_word' id='word_1_161' title='bbox 120 2086 230 2151; x_wconf 71' lang='lat' dir='ltr'>‘Potes</span> <span class='ocrx_word' id='word_1_162' title='bbox 259 2087 356 2150; x_wconf 85' lang='lat' dir='ltr'>simul</span> <span class='ocrx_word' id='word_1_163' title='bbox 384 2090 416 2151; x_wconf 93' lang='lat' dir='ltr'>et</span> <span class='ocrx_word' id='word_1_164' title='bbox 438 2088 612 2152; x_wconf 87' lang='lat' dir='ltr'>rescribere</span> <span class='ocrx_word' id='word_1_165' title='bbox 641 2088 783 2152; x_wconf 81' lang='lat' dir='ltr'>actiones</span> <span class='ocrx_word' id='word_1_166' title='bbox 812 2091 845 2151; x_wconf 93' lang='lat' dir='ltr'>et</span> <span class='ocrx_word' id='word_1_167' title='bbox 872 2108 1064 2170; x_wconf 88' lang='lat' dir='ltr'>componere</span> <span class='ocrx_word' id='word_1_168' title='bbox 1086 2085 1135 2149; x_wconf 88' lang='lat' dir='ltr'>hi-</span> 
     </span>
     <span class='ocr_line' id='line_1_22' title="bbox 121 2174 1137 2261; baseline -0.003 -20"><span class='ocrx_word' id='word_1_169' title='bbox 121 2175 274 2241; x_wconf 90' lang='lat' dir='ltr'>storiam.&#39;</span> <span class='ocrx_word' id='word_1_170' title='bbox 307 2174 454 2240; x_wconf 78' lang='lat' dir='ltr'>Utinam!</span> <span class='ocrx_word' id='word_1_171' title='bbox 478 2176 533 2240; x_wconf 91' lang='lat' dir='ltr'>sed</span> <span class='ocrx_word' id='word_1_172' title='bbox 555 2181 728 2261; x_wconf 84' lang='lat' dir='ltr'>utrumque</span> <span class='ocrx_word' id='word_1_173' title='bbox 751 2181 818 2240; x_wconf 88' lang='lat' dir='ltr'>tam</span> <span class='ocrx_word' id='word_1_174' title='bbox 841 2197 995 2261; x_wconf 79' lang='lat' dir='ltr'>magnum</span> <span class='ocrx_word' id='word_1_175' title='bbox 1018 2178 1075 2257; x_wconf 89' lang='lat' dir='ltr'>est,</span> <span class='ocrx_word' id='word_1_176' title='bbox 1098 2177 1137 2238; x_wconf 87' lang='lat' dir='ltr'>ut</span> 
     </span>
     <span class='ocr_line' id='line_1_23' title="bbox 118 2264 1188 2331; baseline -0.003 -2"><span class='ocrx_word' id='word_1_177' title='bbox 118 2265 244 2331; x_wconf 84' lang='lat' dir='ltr'>abunde</span> <span class='ocrx_word' id='word_1_178' title='bbox 275 2264 318 2328; x_wconf 93' lang='lat' dir='ltr'>sit</span> <span class='ocrx_word' id='word_1_179' title='bbox 345 2266 481 2330; x_wconf 88' lang='lat' dir='ltr'>alterum</span> <span class='ocrx_word' id='word_1_180' title='bbox 513 2266 647 2331; x_wconf 86' lang='lat' dir='ltr'>efficere.</span> <span class='ocrx_word' id='word_1_181' title='bbox 693 2265 984 2330; x_wconf 88' lang='lat' dir='ltr'>Unodevicensimo</span> <span class='ocrx_word' id='word_1_182' title='bbox 1020 2264 1134 2328; x_wconf 89' lang='lat' dir='ltr'>aetatis</span> <span class='ocrx_word' id='word_1_183' title='bbox 1172 2277 1188 2326; x_wconf 86' lang='lat'>8</span> 
     </span>
     <span class='ocr_line' id='line_1_24' title="bbox 119 2353 1136 2439; baseline -0.002 -21"><span class='ocrx_word' id='word_1_184' title='bbox 119 2376 202 2418; x_wconf 90' lang='lat' dir='ltr'>anno</span> <span class='ocrx_word' id='word_1_185' title='bbox 227 2354 331 2418; x_wconf 89' lang='lat' dir='ltr'>dicere</span> <span class='ocrx_word' id='word_1_186' title='bbox 354 2355 389 2418; x_wconf 87' lang='grc'>10</span> <span class='ocrx_word' id='word_1_187' title='bbox 411 2355 482 2418; x_wconf 86' lang='lat' dir='ltr'>foro</span> <span class='ocrx_word' id='word_1_188' title='bbox 507 2357 598 2439; x_wconf 89' lang='lat' dir='ltr'>coepi</span> <span class='ocrx_word' id='word_1_189' title='bbox 622 2359 655 2420; x_wconf 93' lang='lat' dir='ltr'>et</span> <span class='ocrx_word' id='word_1_190' title='bbox 677 2375 763 2418; x_wconf 89' lang='lat' dir='ltr'>nunc</span> <span class='ocrx_word' id='word_1_191' title='bbox 786 2355 925 2436; x_wconf 89' lang='lat' dir='ltr'>demum,</span> <span class='ocrx_word' id='word_1_192' title='bbox 948 2353 1027 2437; x_wconf 89' lang='lat' dir='ltr'>quid</span> <span class='ocrx_word' id='word_1_193' title='bbox 1045 2375 1136 2436; x_wconf 89' lang='lat' dir='ltr'>prae·</span> 
     </span>
     <span class='ocr_line' id='line_1_25' title="bbox 120 2441 1135 2528; baseline -0.003 -20"><span class='ocrx_word' id='word_1_194' title='bbox 120 2448 203 2508; x_wconf 90' lang='lat' dir='ltr'>stare</span> <span class='ocrx_word' id='word_1_195' title='bbox 227 2443 341 2507; x_wconf 87' lang='lat' dir='ltr'>debeat</span> <span class='ocrx_word' id='word_1_196' title='bbox 364 2447 481 2525; x_wconf 85' lang='lat' dir='ltr'>orator,</span> <span class='ocrx_word' id='word_1_197' title='bbox 504 2444 609 2508; x_wconf 89' lang='lat' dir='ltr'>adhuc</span> <span class='ocrx_word' id='word_1_198' title='bbox 626 2448 735 2508; x_wconf 89' lang='lat' dir='ltr'>tamen</span> <span class='ocrx_word' id='word_1_199' title='bbox 756 2466 815 2527; x_wconf 90' lang='lat' dir='ltr'>per</span> <span class='ocrx_word' id='word_1_200' title='bbox 837 2441 1008 2528; x_wconf 79' lang='lat' dir='ltr'>caliginem</span> <span class='ocrx_word' id='word_1_201' title='bbox 1031 2442 1135 2506; x_wconf 89' lang='lat' dir='ltr'>video.</span> 
     </span>
     <span class='ocr_line' id='line_1_26' title="bbox 82 2531 1187 2614; baseline -0.004 -16"><span class='ocrx_word' id='word_1_202' title='bbox 82 2558 108 2598; x_wconf 82' lang='lat' dir='ltr'>ss</span> <span class='ocrx_word' id='word_1_203' title='bbox 122 2531 213 2614; x_wconf 79' lang='lat' dir='ltr'>Quid,</span> <span class='ocrx_word' id='word_1_204' title='bbox 237 2533 264 2596; x_wconf 89' lang='lat' dir='ltr'>si</span> <span class='ocrx_word' id='word_1_205' title='bbox 286 2531 363 2597; x_wconf 89' lang='lat' dir='ltr'>huic</span> <span class='ocrx_word' id='word_1_206' title='bbox 387 2533 476 2596; x_wconf 90' lang='lat' dir='ltr'>oneri</span> <span class='ocrx_word' id='word_1_207' title='bbox 499 2554 620 2597; x_wconf 90' lang='lat' dir='ltr'>novum</span> <span class='ocrx_word' id='word_1_208' title='bbox 644 2532 832 2598; x_wconf 79' lang='lat' dir='ltr'>accesserit?</span> <span class='ocrx_word' id='word_1_209' title='bbox 872 2531 980 2596; x_wconf 80' lang='lat' dir='ltr'>Habet</span> <span class='ocrx_word' id='word_1_210' title='bbox 1003 2531 1133 2614; x_wconf 90' lang='lat' dir='ltr'>quidem</span> <span class='ocrx_word' id='word_1_211' title='bbox 1171 2546 1187 2594; x_wconf 83' lang='grc'>0</span> 
     </span>
     <span class='ocr_line' id='line_1_27' title="bbox 121 2619 1135 2705; baseline -0.002 -20"><span class='ocrx_word' id='word_1_212' title='bbox 121 2622 223 2685; x_wconf 90' lang='lat' dir='ltr'>oratio</span> <span class='ocrx_word' id='word_1_213' title='bbox 246 2624 278 2685; x_wconf 89' lang='lat' dir='ltr'>et</span> <span class='ocrx_word' id='word_1_214' title='bbox 301 2621 437 2686; x_wconf 89' lang='lat' dir='ltr'>historia</span> <span class='ocrx_word' id='word_1_215' title='bbox 460 2623 562 2686; x_wconf 87' lang='grc'><strong>1110100</strong></span> <span class='ocrx_word' id='word_1_216' title='bbox 585 2623 782 2705; x_wconf 88' lang='lat' dir='ltr'>communia,</span> <span class='ocrx_word' id='word_1_217' title='bbox 810 2621 865 2685; x_wconf 80' lang='lat' dir='ltr'>sed</span> <span class='ocrx_word' id='word_1_218' title='bbox 893 2622 986 2704; x_wconf 87' lang='lat' dir='ltr'>plura</span> <span class='ocrx_word' id='word_1_219' title='bbox 1010 2619 1135 2685; x_wconf 89' lang='lat' dir='ltr'>diversa</span> 
     </span>
     <span class='ocr_line' id='line_1_28' title="bbox 120 2709 1135 2794; baseline -0.002 -20"><span class='ocrx_word' id='word_1_220' title='bbox 120 2710 154 2774; x_wconf 90' lang='lat' dir='ltr'>in</span> <span class='ocrx_word' id='word_1_221' title='bbox 172 2710 223 2774; x_wconf 89' lang='lat' dir='ltr'>his</span> <span class='ocrx_word' id='word_1_222' title='bbox 241 2710 330 2792; x_wconf 90' lang='lat' dir='ltr'>ipsis,</span> <span class='ocrx_word' id='word_1_223' title='bbox 350 2733 431 2794; x_wconf 89' lang='lat' dir='ltr'>quae</span> <span class='ocrx_word' id='word_1_224' title='bbox 451 2712 635 2775; x_wconf 90' lang='lat' dir='ltr'>communia</span> <span class='ocrx_word' id='word_1_225' title='bbox 652 2712 808 2776; x_wconf 88' lang='lat' dir='ltr'>videntur.</span> <span class='ocrx_word' id='word_1_226' title='bbox 841 2709 961 2774; x_wconf 88' lang='lat' dir='ltr'>Narrat</span> <span class='ocrx_word' id='word_1_227' title='bbox 978 2709 1044 2791; x_wconf 91' lang='lat' dir='ltr'>illa,</span> <span class='ocrx_word' id='word_1_228' title='bbox 1063 2731 1135 2773; x_wconf 91' lang='lat' dir='ltr'>nar-</span> 
     </span>
     <span class='ocr_line' id='line_1_29' title="bbox 118 2798 1136 2883; baseline -0.002 -19"><span class='ocrx_word' id='word_1_229' title='bbox 118 2803 169 2864; x_wconf 91' lang='lat' dir='ltr'>rat</span> <span class='ocrx_word' id='word_1_230' title='bbox 191 2798 279 2880; x_wconf 88' lang='lat' dir='ltr'>haec,</span> <span class='ocrx_word' id='word_1_231' title='bbox 302 2800 358 2864; x_wconf 90' lang='lat' dir='ltr'>sed</span> <span class='ocrx_word' id='word_1_232' title='bbox 382 2800 488 2883; x_wconf 66' lang='lat' dir='ltr'>alitem</span> <span class='ocrx_word' id='word_1_233' title='bbox 514 2800 592 2863; x_wconf 89' lang='lat' dir='ltr'>huic</span> <span class='ocrx_word' id='word_1_234' title='bbox 614 2800 767 2883; x_wconf 91' lang='lat' dir='ltr'>pleraque</span> <span class='ocrx_word' id='word_1_235' title='bbox 789 2799 926 2864; x_wconf 88' lang='lat' dir='ltr'>humilia</span> <span class='ocrx_word' id='word_1_236' title='bbox 949 2802 982 2862; x_wconf 93' lang='lat' dir='ltr'>et</span> <span class='ocrx_word' id='word_1_237' title='bbox 1005 2798 1136 2864; x_wconf 91' lang='lat' dir='ltr'>sordida</span> 
     </span>
     <span class='ocr_line' id='line_1_30' title="bbox 120 2887 1138 2972; baseline -0.003 -18"><span class='ocrx_word' id='word_1_238' title='bbox 120 2893 151 2954; x_wconf 90' lang='lat' dir='ltr'>et</span> <span class='ocrx_word' id='word_1_239' title='bbox 175 2911 215 2952; x_wconf 85' lang='lat' dir='ltr'>ax</span> <span class='ocrx_word' id='word_1_240' title='bbox 233 2887 339 2952; x_wconf 92' lang='lat' dir='ltr'>medio</span> <span class='ocrx_word' id='word_1_241' title='bbox 359 2889 469 2972; x_wconf 88' lang='lat' dir='ltr'>petita,</span> <span class='ocrx_word' id='word_1_242' title='bbox 492 2889 541 2952; x_wconf 93' lang='lat' dir='ltr'>illi</span> <span class='ocrx_word' id='word_1_243' title='bbox 565 2889 672 2953; x_wconf 89' lang='lat' dir='ltr'>omnia</span> <span class='ocrx_word' id='word_1_244' title='bbox 690 2889 864 2970; x_wconf 91' lang='lat' dir='ltr'>recondita,</span> <span class='ocrx_word' id='word_1_245' title='bbox 888 2887 1064 2972; x_wconf 89' lang='lat' dir='ltr'>splendida,</span> <span class='ocrx_word' id='word_1_246' title='bbox 1083 2911 1138 2952; x_wconf 84' lang='lat' dir='ltr'>ex·</span> 
     </span>
     <span class='ocr_line' id='line_1_31' title="bbox 82 2976 1190 3062; baseline -0.005 -18"><span class='ocrx_word' id='word_1_247' title='bbox 82 3005 109 3045; x_wconf 86' lang='lat' dir='ltr'>so</span> <span class='ocrx_word' id='word_1_248' title='bbox 124 2978 209 3042; x_wconf 89' lang='lat' dir='ltr'>celsa</span> <span class='ocrx_word' id='word_1_249' title='bbox 232 2978 441 3061; x_wconf 82' lang='lat' dir='ltr'>conveniunt3</span> <span class='ocrx_word' id='word_1_250' title='bbox 469 2976 553 3042; x_wconf 89' lang='lat' dir='ltr'>hanc</span> <span class='ocrx_word' id='word_1_251' title='bbox 584 2978 711 3062; x_wconf 89' lang='lat' dir='ltr'>saepius</span> <span class='ocrx_word' id='word_1_252' title='bbox 745 2999 825 3061; x_wconf 90' lang='lat' dir='ltr'>ossa,</span> <span class='ocrx_word' id='word_1_253' title='bbox 857 2977 1005 3060; x_wconf 88' lang='lat' dir='ltr'>musculi,</span> <span class='ocrx_word' id='word_1_254' title='bbox 1034 2976 1135 3058; x_wconf 88' lang='lat' dir='ltr'>nervi,</span> <span class='ocrx_word' id='word_1_255' title='bbox 1157 2991 1190 3039; x_wconf 92' lang='lat'>10</span> 
     </span>
     <span class='ocr_line' id='line_1_32' title="bbox 119 3065 1134 3150; baseline -0.003 -19"><span class='ocrx_word' id='word_1_256' title='bbox 119 3068 207 3132; x_wconf 91' lang='lat' dir='ltr'>illam</span> <span class='ocrx_word' id='word_1_257' title='bbox 237 3065 302 3130; x_wconf 91' lang='lat' dir='ltr'>tori</span> <span class='ocrx_word' id='word_1_258' title='bbox 333 3067 463 3148; x_wconf 87' lang='lat' dir='ltr'>quidam</span> <span class='ocrx_word' id='word_1_259' title='bbox 495 3070 528 3130; x_wconf 90' lang='lat' dir='ltr'>et</span> <span class='ocrx_word' id='word_1_260' title='bbox 560 3068 653 3148; x_wconf 90' lang='lat' dir='ltr'>quasi</span> <span class='ocrx_word' id='word_1_261' title='bbox 685 3067 779 3131; x_wconf 88' lang='lat' dir='ltr'>iubae</span> <span class='ocrx_word' id='word_1_262' title='bbox 812 3067 937 3150; x_wconf 82' lang='lat' dir='ltr'>docent3</span> <span class='ocrx_word' id='word_1_263' title='bbox 969 3066 1048 3130; x_wconf 91' lang='lat' dir='ltr'>haec</span> <span class='ocrx_word' id='word_1_264' title='bbox 1080 3065 1134 3129; x_wconf 93' lang='lat' dir='ltr'>vel</span> 
     </span>
     <span class='ocr_line' id='line_1_33' title="bbox 119 3154 1136 3238; baseline -0.001 -19"><span class='ocrx_word' id='word_1_265' title='bbox 119 3156 258 3219; x_wconf 85' lang='lat' dir='ltr'>maxime</span> <span class='ocrx_word' id='word_1_266' title='bbox 276 3155 318 3238; x_wconf 91' lang='lat' dir='ltr'>vi,</span> <span class='ocrx_word' id='word_1_267' title='bbox 341 3156 563 3237; x_wconf 87' lang='lat' dir='ltr'>amaritudine,</span> <span class='ocrx_word' id='word_1_268' title='bbox 583 3155 745 3238; x_wconf 88' lang='lat' dir='ltr'>instantia,</span> <span class='ocrx_word' id='word_1_269' title='bbox 769 3156 825 3219; x_wconf 92' lang='lat' dir='ltr'>illa</span> <span class='ocrx_word' id='word_1_270' title='bbox 848 3159 953 3220; x_wconf 88' lang='lat' dir='ltr'>tractu</span> <span class='ocrx_word' id='word_1_271' title='bbox 976 3159 1008 3219; x_wconf 92' lang='lat' dir='ltr'>et</span> <span class='ocrx_word' id='word_1_272' title='bbox 1032 3154 1136 3218; x_wconf 89' lang='lat' dir='ltr'>suavi·</span> 
     </span>
     <span class='ocr_line' id='line_1_34' title="bbox 121 3243 1136 3329; baseline -0.003 -20"><span class='ocrx_word' id='word_1_273' title='bbox 121 3248 187 3309; x_wconf 88' lang='lat' dir='ltr'>tate</span> <span class='ocrx_word' id='word_1_274' title='bbox 205 3248 302 3328; x_wconf 90' lang='lat' dir='ltr'>atque</span> <span class='ocrx_word' id='word_1_275' title='bbox 322 3245 419 3308; x_wconf 91' lang='lat' dir='ltr'>etiam</span> <span class='ocrx_word' id='word_1_276' title='bbox 439 3244 607 3309; x_wconf 88' lang='lat' dir='ltr'>dulcedine</span> <span class='ocrx_word' id='word_1_277' title='bbox 626 3246 744 3329; x_wconf 72' lang='lat' dir='ltr'>placet,</span> <span class='ocrx_word' id='word_1_278' title='bbox 765 3248 929 3328; x_wconf 90' lang='lat' dir='ltr'>postremo</span> <span class='ocrx_word' id='word_1_279' title='bbox 948 3244 1011 3308; x_wconf 91' lang='lat' dir='ltr'>alia</span> <span class='ocrx_word' id='word_1_280' title='bbox 1029 3243 1136 3326; x_wconf 87' lang='lat' dir='ltr'>verba,</span> 
     </span>
     <span class='ocr_line' id='line_1_35' title="bbox 122 3332 1189 3417; baseline -0.002 -21"><span class='ocrx_word' id='word_1_281' title='bbox 122 3333 204 3399; x_wconf 88' lang='lat' dir='ltr'>alius</span> <span class='ocrx_word' id='word_1_282' title='bbox 223 3354 331 3415; x_wconf 89' lang='lat' dir='ltr'>sonus,</span> <span class='ocrx_word' id='word_1_283' title='bbox 354 3334 417 3398; x_wconf 92' lang='lat' dir='ltr'>alia</span> <span class='ocrx_word' id='word_1_284' title='bbox 437 3334 643 3398; x_wconf 89' lang='lat' dir='ltr'>constructio.</span> <span class='ocrx_word' id='word_1_285' title='bbox 672 3332 758 3398; x_wconf 91' lang='lat' dir='ltr'>Nam</span> <span class='ocrx_word' id='word_1_286' title='bbox 776 3334 952 3417; x_wconf 85' lang='lat' dir='ltr'>plurimum</span> <span class='ocrx_word' id='word_1_287' title='bbox 971 3332 1077 3415; x_wconf 83' lang='lat' dir='ltr'>refert,</span> <span class='ocrx_word' id='word_1_288' title='bbox 1100 3335 1138 3396; x_wconf 88' lang='lat' dir='ltr'>ut</span> <span class='ocrx_word' id='word_1_289' title='bbox 1158 3347 1189 3394; x_wconf 92' lang='lat'>11</span> 
     </span>
    </p>
   </div>
   <div class='ocr_carea' id='block_1_4' title="bbox 113 3528 1197 3692">
    <p class='ocr_par' dir='ltr' id='par_1_4' title="bbox 113 3528 1197 3692">
     <span class='ocr_line' id='line_1_36' title="bbox 190 3528 1197 3615; baseline -0.008 -19"><span class='ocrx_word' id='word_1_290' title='bbox 190 3549 208 3595; x_wconf 77' lang='lat'>2</span> <span class='ocrx_word' id='word_1_291' title='bbox 236 3545 307 3615; x_wconf 56' lang='grc' dir='ltr'><em>γένῃ.</em></span> <span class='ocrx_word' id='word_1_292' title='bbox 330 3544 463 3602; x_wconf 64' lang='lat' dir='ltr'>(ama.</span> <span class='ocrx_word' id='word_1_293' title='bbox 485 3548 594 3604; x_wconf 79' lang='lat' dir='ltr'>3Aea.</span> <span class='ocrx_word' id='word_1_294' title='bbox 611 3549 639 3606; x_wconf 92' lang='lat' dir='ltr'><em>V</em></span> <span class='ocrx_word' id='word_1_295' title='bbox 653 3552 718 3606; x_wconf 84' lang='lat'>195.</span> <span class='ocrx_word' id='word_1_296' title='bbox 776 3552 814 3602; x_wconf 72' lang='lat' dir='ltr'>l‘l.</span> <span class='ocrx_word' id='word_1_297' title='bbox 834 3541 988 3614; x_wconf 62' lang='lat' dir='ltr'>sapientae</span> <span class='ocrx_word' id='word_1_298' title='bbox 1003 3528 1197 3601; x_wconf 60' lang='lat' dir='ltr'>qu,K.t,</span> 
     </span>
     <span class='ocr_line' id='line_1_37' title="bbox 113 3614 608 3692; baseline 0.012 -29"><span class='ocrx_word' id='word_1_299' title='bbox 113 3614 263 3678; x_wconf 80' lang='lat' dir='ltr'>sapientes</span> <span class='ocrx_word' id='word_1_300' title='bbox 278 3616 366 3672; x_wconf 71' lang='grc' dir='ltr'>ΚΠ</span> <span class='ocrx_word' id='word_1_301' title='bbox 396 3619 608 3692; x_wconf 74' lang='lat' dir='ltr'>Adp.17,28,</span> 
     </span>
    </p>
   </div>
   <div class='ocr_carea' id='block_1_5' title="bbox 0 0 1293 3862">
    <p class='ocr_par' dir='ltr' id='par_1_5' title="bbox 0 0 1293 3862">
     <span class='ocr_line' id='line_1_38' title="bbox 0 0 1293 3862; baseline 0 0"><span class='ocrx_word' id='word_1_302' title='bbox 0 0 1293 3862; x_wconf 95' lang='lat' dir='ltr'> </span> 
     </span>
    </p>
   </div>
  </div>
 </body>
</html>
