2506 3862
411 214 668 270 EPISTULARUM
685 217 698 268 I
718 221 830 270 18-20.
1083 217 1124 281 21

117 378 298 463 familiaris,
328 399 463 464 magnae
494 383 526 444 et
558 401 670 464 graves
703 400 829 463 causae,
866 400 922 444 cur
958 381 1127 465 suscipere,

118 489 235 553 augere
268 467 458 553 dignitatem
490 472 579 532 tuam
612 468 751 533 debeam.
806 469 886 533 Esse
922 472 1029 533 autem
1065 469 1160 534 tibia

119 560 249 622 centum
277 557 403 621 milium
432 577 562 621 censum
590 558 666 622 satis
694 557 823 640 indicat,
851 558 937 642 quod
960 559 1045 641 apud
1067 581 1126 623 nos

119 646 248 710 decurio
271 667 314 709 es.
350 643 462 732 Igitur,
485 650 523 710 ut
544 650 576 710 te
599 668 666 710 non
688 646 857 712 decurione
881 647 994 730 solum,
1016 669 1127 711 verum

91 735 216 802 setiam
245 735 353 818 equite
379 734 526 799 Romano
556 735 768 820 perfruamur,
797 737 895 801 offero
926 735 986 800 tibi
1015 735 1055 799 ad
1082 737 1128 799 in-

118 824 252 908 plendas
280 828 442 908 equestres
469 825 638 889 facultates
666 829 808 890 trecenta
835 827 924 890 milia
951 822 1129 889 nummum

119 912 166 976 Te
188 935 362 978 memorem
388 914 485 977 huius
508 915 648 978 muneris
674 915 833 980 amicitiae
856 918 982 979 nostrae
1006 913 1160 978 dictur-3

119 1002 206 1066 nitas
233 1002 383 1086 spondet3
410 1025 470 1089 ego
500 1026 540 1067 ne
570 1003 651 1066 illud
683 1004 812 1087 quidem
842 1003 1012 1086 admones,
1043 1004 1128 1087 quod

120 1090 290 1155 admonere
318 1091 479 1176 deberem,
509 1092 574 1156 nisi
604 1093 717 1157 scirem
748 1096 863 1178 sponte
889 1093 1063 1176 facturum,
1092 1095 1129 1156 ut

78 1179 279 1264 indignitate
301 1202 390 1244 ame
413 1180 487 1244 data
510 1203 606 1265 quam
629 1181 863 1247 modestissime
885 1186 963 1245 uta
986 1202 1037 1244 me
1056 1182 1129 1245 data

119 1272 219 1335 utare.
256 1267 341 1333 Nam
365 1269 534 1334 sollicitius
559 1270 783 1335 custodiendus
807 1276 855 1335 est
872 1270 984 1353 honor,
1007 1271 1042 1334 in
1064 1291 1128 1353 quo
1147 1285 1164 1333 4

120 1358 218 1421 etiam
241 1357 432 1423 beneficium
455 1359 550 1424 amici
572 1359 727 1423 tuendum
750 1364 807 1423 est.
852 1359 942 1424 Vale.

593 1524 655 1582 XX.

287 1622 315 1670 c.
338 1623 479 1672 sciurus
505 1623 679 1672 scansuro
704 1623 832 1672 suerro
856 1623 921 1672 suo
945 1623 971 1671 s.

79 1737 105 1779 rs
187 1710 350 1797 Frequens
378 1713 459 1777 mihi
489 1714 664 1798 disputatio
693 1717 742 1777 est
769 1735 842 1778 cum
870 1712 1009 1796 quodam
1036 1711 1162 1777 doct01

119 1802 251 1866 homine
277 1806 309 1866 et
331 1803 445 1886 perito,
464 1804 516 1866 cui
536 1802 619 1867 nihil
641 1823 741 1885 aeque
760 1803 794 1866 in
817 1802 920 1865 causis
944 1799 1075 1887 agendis
1093 1803 1130 1865 ut

120 1890 260 1955 brevitas
287 1891 400 1975 placat.
447 1890 550 1967 Quam
579 1913 639 1977 ego
668 1890 909 1956 custodiendam
936 1911 1005 1954 esse
1033 1890 1163 1955 confi-2

121 1981 200 2061 teor,
218 1981 246 2045 si
264 2000 359 2044 causa
376 1981 555 2064 permittat,
574 1979 695 2063 alioqui
713 1979 943 2065 praevaricatio
962 1982 1010 2044 est
1029 1983 1130 2043 trans-

121 2067 169 2131 ire
203 2067 350 2153 dicenda,
382 2069 612 2153 praevaricatio
646 2069 743 2133 etiam
778 2070 896 2134 cursim
928 2071 960 2133 et
991 2068 1131 2132 breviter

78 2183 105 2222 ao
120 2157 291 2243 attingere,
319 2179 400 2241 quae
428 2158 493 2222 sint
520 2157 722 2242 inculcanda,
750 2158 925 2244 infigenda,
949 2157 1129 2241 repetenda.

119 2243 206 2310 Nam
229 2246 389 2329 plerisque
412 2246 558 2333 longiore
581 2251 719 2311 tractatu
746 2247 795 2311 vis
820 2247 975 2330 quaedam
999 2249 1031 2310 et
1053 2262 1165 2330 pon-3

120 2334 180 2398 dus
210 2335 346 2418 accedst,
375 2339 474 2419 utque
505 2336 632 2420 corpori
660 2337 781 2400 ferrum
811 2336 858 2400 sic
888 2336 989 2400 oratio
1022 2333 1129 2398 animo

120 2444 187 2488 non
209 2424 275 2488 ictu
298 2424 402 2509 magis
426 2447 521 2508 quam
545 2447 634 2489 mora
661 2425 853 2508 inprimitur.
899 2423 963 2488 Hic
990 2422 1044 2487 ille
1067 2439 1166 2487 me-4

121 2533 195 2575 cum
218 2513 464 2578 auctoritatibus
487 2514 556 2600 agit
583 2535 620 2579 ac
646 2513 728 2577 mihi
755 2535 795 2577 ex
819 2512 946 2578 Graecis
970 2510 1130 2575 orationes

78 2626 105 2667 as
120 2599 236 2684 Lysiae
272 2605 425 2686 ostentat,
457 2623 496 2666 ex
525 2603 645 2667 nostris
678 2601 894 2666 Gracchorum
927 2597 1131 2682 Catonisque,

121 2711 257 2773 quorum
277 2713 351 2755 sane
369 2689 527 2774 plurimae
551 2695 626 2756 sunt
644 2690 849 2756 circumcisae
873 2693 905 2754 et
927 2689 1053 2771 breves,
1071 2709 1130 2774 ego

119 2778 236 2862 Lysiae
258 2778 507 2864 Demosthenen,
528 2778 718 2865 Aeschinen,
740 2778 926 2863 Hyperiden
948 2779 1131 2861 multosque

119 2871 297 2952 praeterea,
329 2865 479 2933 Gracchis
512 2873 544 2932 et
577 2867 691 2933 Catoni
722 2867 917 2950 Pollionem,
954 2865 1130 2949 Gaesarem,

122 2954 278 3040 Caelium,
306 2957 477 3041 inprimis
500 2955 543 3021 M.
567 2956 708 3022 Tullium
740 2977 882 3042 oppono,
910 2956 999 3019 cuius
1028 2954 1130 3019 oratio

79 3071 107 3112 ao
122 3046 245 3128 optima
266 3046 368 3110 fertur
391 3068 459 3111 esse
483 3067 564 3130 quae
586 3047 734 3110 maxima.
771 3045 816 3110 Et
838 3045 968 3111 hercule
991 3048 1028 3109 ut
1051 3044 1131 3108 aliae

119 3132 224 3198 bonae
255 3156 306 3199 res
337 3134 384 3199 ita
420 3136 524 3200 bonus
559 3133 641 3199 liber
672 3134 787 3199 melior
818 3138 866 3198 est
900 3133 1035 3218 quisque
1067 3153 1131 3215 quo

119 3222 232 3287 maior.
277 3222 391 3307 Vides,
420 3227 458 3288 ut
485 3227 621 3307 statuas,
649 3225 755 3309 signa,
781 3224 936 3308 picturas,
963 3221 1166 3286 hominums

121 3311 259 3395 denique
300 3314 538 3396 multorumque
577 3313 763 3376 animalium
804 3312 941 3396 formas,
981 3311 1132 3375 arborum

193 3526 227 3575 20
246 3521 303 3576 sint
321 3524 408 3592 Fpa,
427 3523 497 3590 K.I,
519 3523 579 3578 Ouo
592 3526 656 3589 296,
675 3524 740 3576 sunt
758 3523 843 3589 Dra,
862 3522 948 3576 KH.
1028 3525 1062 3574 28
1081 3519 1134 3572 Po-

119 3592 225 3647 liouem
244 3594 313 3661 K.I,
332 3610 365 3648 ex
380 3596 418 3649 M
434 3595 495 3650 Va.
506 3598 531 3661 5,
556 3594 599 3648 VI
608 3597 654 3649 29.
665 3597 690 3663 5,
714 3594 871 3650 V1131.1.
