2506 3862
373 213 631 268 EPISTULARUM
649 213 714 267 vm
733 218 846 271 re-ao.
1052 211 1118 279 215

104 377 393 464 pulcherrimorum
422 399 554 461 operum
585 378 620 440 in
641 378 778 461 horreis,
810 400 892 462 quae
918 379 1119 464 neglegebat.

103 467 246 533 Invicem
270 471 320 550 tu,
343 468 371 531 si
395 467 472 550 quid
494 467 567 531 istie
589 467 726 551 epistula
749 467 896 552 dignum,
923 490 963 532 ne
987 489 1119 554 gravare

103 555 251 623 scribere.
287 554 373 620 Nam
392 577 465 621 cum
484 577 576 620 aures
595 556 763 621 hominum
782 557 926 620 novitate
948 557 1119 640 laetantur,
1139 575 1174 624 12

104 652 175 713 tum
198 647 239 710 ad
261 642 419 710 rationem
442 646 528 710 vitae
551 647 706 729 exemplis
731 645 902 709 erudimur.
940 644 1030 710 Vale.

369 893 397 942 C.
420 893 558 941 PLINIUS
582 893 721 941 MAXIMO
745 893 811 941 SUO
835 893 861 941 S.

172 983 216 1048 Et
238 984 392 1070 gaudium
415 984 496 1048 mihi
520 987 552 1047 et
576 983 730 1047 solacium
758 983 793 1046 in
815 982 946 1066 litteris,
973 982 1119 1066 nihilque
1138 1001 1153 1049 1

105 1080 173 1140 tam
190 1075 321 1156 laetum,
340 1072 427 1155 quod
444 1072 496 1136 his
514 1073 639 1155 laetius,
662 1076 729 1136 tam
747 1073 849 1155 triste,
873 1073 959 1156 quod
977 1095 1044 1137 non
1061 1095 1120 1156 per

105 1166 164 1228 has
188 1163 230 1228 sit
251 1163 359 1226 minus
383 1163 485 1226 triste.
530 1159 643 1244 Itaque
672 1165 705 1225 et
731 1161 918 1225 infirmitate
946 1163 1056 1226 uxoris
1087 1165 1120 1226 et

106 1274 251 1318 meorum
274 1252 427 1336 periculo,
450 1250 651 1334 quorundam
674 1271 750 1315 vero
770 1251 867 1314 etiam
886 1255 989 1315 morte
1012 1251 1120 1316 turba-

65 1375 92 1415 10
107 1347 159 1407 tus
196 1342 237 1406 ad
266 1342 398 1405 unicum
433 1339 553 1404 doloris
585 1339 802 1404 levamentum
837 1339 943 1404 studia
979 1341 1121 1426 confugi,

106 1453 187 1515 quae
210 1433 387 1515 praestant,
419 1433 455 1493 ut
479 1429 611 1492 adversa
634 1429 737 1514 magis
761 1428 960 1515 intellegam,
988 1430 1044 1494 sed
1066 1452 1121 1513 pa·

106 1521 239 1586 tientius
261 1519 371 1584 feram.
411 1517 473 1583 Est
495 1520 603 1581 autem
626 1517 708 1581 mihi
730 1519 838 1600 moris,
862 1517 948 1602 quod
972 1539 1043 1583 sum
1067 1518 1155 1582 das

106 1616 197 1675 turus
221 1611 256 1672 in
278 1629 391 1672 manus
414 1607 593 1683 hominum,
612 1610 686 1670 ante
709 1608 885 1671 amicorum
905 1606 1024 1671 iudicio
1049 1629 1121 1671 exa-

106 1702 242 1781 minare,
269 1697 438 1781 inprimis
461 1700 527 1760 tuo.
572 1695 725 1779 Proinde,
749 1696 776 1760 01
799 1695 943 1779 quando,
965 1717 1052 1760 nunc
1075 1698 1122 1760 in-

66 1821 91 1860 15
107 1788 201 1854 tende
231 1788 330 1869 libro,
362 1808 457 1870 quem
490 1807 563 1850 cum
594 1783 655 1848 hac
688 1785 825 1868 epistula
856 1785 1009 1868 accipies,
1045 1786 1122 1869 quia

106 1899 226 1961 vereor,
249 1899 289 1940 ne
312 1877 381 1959 ipse
405 1879 442 1939 ut
465 1873 567 1938 tristis
589 1895 703 1957 parum
726 1873 926 1938 intenderim.
959 1871 1121 1958 Imperare

107 1967 192 2032 enim
224 1965 342 2048 dolori,
378 1968 415 2028 ut
446 1963 628 2046 scriberem,
664 1963 770 2046 potui,
805 1966 842 2026 ut
874 1983 975 2027 vacuo
1013 1964 1120 2028 animo

106 2059 265 2138 laetoque,
288 2075 355 2118 non
376 2054 478 2136 potui.
510 2051 611 2116 Porro
635 2055 672 2115 ut
695 2075 735 2116 ex
758 2052 873 2116 studiis
897 2052 1050 2138 gaudium
1074 2054 1121 2118 sic

107 2145 213 2210 studia
235 2144 397 2208 hilaritate
420 2143 622 2226 proveniunt.
668 2139 758 2204 Vale,

583 2288 645 2346 XX.

66 2319 93 2358 2⁰
379 2389 569 2437 00010100
594 2389 800 2437 01100000
825 2389 851 2437 0.

174 2482 226 2546 Ad
249 2503 330 2565 quae
353 2479 513 2544 noscenda
540 2480 601 2543 iter
624 2479 762 2564 ingredi,
789 2480 1006 2544 transmittere
1035 2500 1123 2543 mare
1142 2495 1158 2543 1

108 2574 257 2655 solemus,
281 2593 317 2634 ea
336 2569 396 2632 sub
417 2569 518 2633 oculis
536 2569 643 2652 posita
661 2569 872 2654 neglegimus,
896 2589 952 2632 seu
975 2568 1052 2650 quia
1076 2568 1123 2632 ita

108 2667 222 2727 natura
245 2661 480 2742 comparatum,
506 2661 544 2720 ut
570 2658 791 2741 proximorum
820 2657 973 2721 incuriosi
996 2658 1123 2742 longin-

67 2781 93 2821 05
108 2775 171 2836 qua
190 2751 356 2830 sectemur,
380 2769 435 2810 seu
459 2746 545 2829 quod
569 2747 713 2810 omnium
731 2768 838 2810 rerum
857 2744 974 2828 cupido
992 2747 1123 2832 langue

108 2844 177 2924 scit,
200 2861 273 2904 cum
296 2835 400 2901 facilis
425 2836 558 2917 occasio,
581 2857 638 2898 seu
657 2834 743 2919 quod
762 2834 938 2899 differimus
957 2837 1123 2918 tamquam

108 2952 201 3014 saepe
224 2926 334 3008 visuri,
357 2923 444 3008 quod
467 2924 561 2987 datur
578 2923 695 3005 videre,
718 2924 867 3006 quotiens
886 2923 966 2987 velis
986 2945 1123 2990 cernere.

108 3022 315 3100 Quacumque
343 3014 382 3077 de
410 3035 506 3078 causa
532 3013 692 3096 permulta
720 3013 755 3076 in
777 3012 856 3076 urbe
883 3016 993 3077 nostra
1021 3014 1158 3077 iuxta-2

108 3134 170 3195 que
193 3107 306 3172 urbem
329 3125 395 3167 non
419 3103 520 3167 oculis
543 3101 654 3184 modo,
687 3100 742 3164 sed
770 3122 810 3164 ne
838 3102 968 3166 auribus
992 3102 1122 3185 quidem

68 3229 94 3268 ao
108 3200 267 3278 novimus,
285 3215 367 3276 quae
387 3193 414 3255 si
432 3192 561 3256 tulisset
578 3188 710 3272 Achaia,
728 3187 905 3276 Aegyptos,
922 3188 1001 3255 Asia
1020 3191 1123 3255 aliave

108 3287 269 3372 quaelibet
301 3282 529 3346 miraculorum
561 3280 651 3343 ferax
681 3279 1010 3362 commendatrixque
1029 3284 1124 3362 terra,

108 3378 225 3457 audita,
248 3372 396 3457 perlecta,
418 3371 555 3434 lustrata
577 3367 778 3432 haberemus.
818 3367 890 3452 Ipse
910 3372 994 3432 certe
1012 3390 1124 3451 nuper,
1142 3383 1159 3432 3

108 3467 194 3550 quod
221 3483 281 3527 nec
307 3460 470 3524 audieram
498 3462 571 3522 ante
599 3479 658 3522 neo
687 3457 851 3540 videram,
872 3457 994 3520 audi-ei
1008 3458 1143 3534 pannea

77 928 91 968 5

170 3591 329 3653 3⁸0²‘lb9r0
347 3617 404 3668 ας,
424 3616 479 3659 om.
502 3604 571 3673 Mr,
590 3603 634 3661 Κ.
710 3607 748 3659 lb
770 3596 916 3666 coniugio
937 3609 969 3644 a·
