2506 3862
140 209 184 274 50
465 269 469 275 ,
577 207 604 262 o.
624 208 722 263 rimi

140 395 212 436 rum
236 373 362 436 illave]
384 373 523 436 maxime
546 373 636 436 ferax
658 376 743 437 terra
762 376 819 456 est,
837 373 1010 457 malignior
1032 372 1156 437 ceteris.

140 460 212 525 Hac
239 483 305 525 non
334 461 489 526 deteriore
518 483 613 543 quam
642 462 739 525 maris
767 461 848 525 facie
877 462 1001 525 cenatio
1031 466 1157 526 remota

141 573 160 614 a
182 552 264 615 mari
281 550 408 636 fruitur,
427 550 568 635 cingitur
586 550 699 614 diaetis
721 550 843 614 duabus
862 573 881 614 a
899 554 1000 636 tergo,
1019 571 1157 633 quarum

140 640 289 705 fenestris
322 638 466 704 subiacet
497 639 691 706 vestibulum
724 640 818 702 villae
856 643 887 704 et
923 639 1036 704 hortus
1072 640 1157 704 alius

90 744 123 793 16
143 730 273 814 pinguis
297 733 329 793 et
351 729 498 793 rusticus.
535 726 621 793 Hinc
640 729 896 812 cryptoporticus
914 751 1014 812 prope
1032 727 1158 812 publici
1185 755 1198 794 s

142 819 247 902 operis
271 817 461 884 extenditur.
506 815 678 900 Utrimque
705 817 862 881 fenestrae
889 839 908 880 a
935 817 1016 880 mari
1038 819 1158 903 plures,

141 907 182 973 ab
209 907 305 970 horto
334 906 488 992 singulae,
515 906 570 970 sed
597 908 728 971 alternis
754 906 929 990 pauciores.
975 904 1054 990 Hae,
1082 927 1157 971 cum

142 1017 272 1060 serenus
305 995 371 1059 dies
401 999 433 1060 et
461 996 616 1079 inmotus,
645 1017 769 1079 omnes,
797 1015 870 1059 cum
897 995 973 1060 hinc
1000 997 1052 1059 vel
1082 995 1158 1060 inde

142 1087 257 1148 ventus
280 1085 451 1167 inquietus,
476 1105 538 1167 qua
560 1085 649 1148 venti
672 1085 848 1167 quiescunt,
872 1085 940 1148 sine
963 1085 1079 1148 iniuria
1102 1108 1158 1168 pa·

90 1189 123 1238 17
143 1177 222 1242 tent.
259 1170 344 1237 Ante
368 1174 642 1257 cryptoporticum
660 1177 772 1256 xystus
791 1174 886 1238 violis
905 1173 1065 1238 odoratus.
1098 1173 1199 1239 Te-1o

141 1284 253 1346 porem
291 1263 367 1326 solis
402 1262 501 1326 infusi
533 1283 720 1346 repercussu
757 1263 1014 1346 cryptoporticus
1050 1268 1159 1348 auget,

143 1373 224 1434 quae
248 1354 284 1414 ut
302 1354 390 1415 tenet
413 1351 513 1416 solem
537 1353 583 1415 sic
606 1351 789 1435 aquilonem
815 1351 939 1416 inhibet
963 1357 1158 1422 summouet-

144 1462 220 1524 que,
247 1443 465 1524 quantumque
493 1441 608 1504 caloris
640 1444 714 1504 ante
741 1444 868 1504 tautum
900 1444 985 1505 retro
1016 1441 1157 1525 frigoris.

144 1526 300 1594 Similiter
321 1526 467 1593 Africum
492 1529 577 1593 sistit
600 1533 696 1612 atque
719 1529 765 1593 ita
789 1528 1021 1594 diversissimos
1043 1534 1158 1595 ventos

143 1619 242 1683 alium
275 1617 338 1682 alio
370 1619 469 1685 latere
500 1618 622 1704 frangit
654 1622 686 1682 et
722 1618 802 1682 finit.
848 1617 937 1683 Haec
974 1618 1158 1684 iucunditas
1174 1645 1199 1686 15

92 1723 124 1772 18
144 1708 212 1772 eius
229 1707 343 1789 hieme,
360 1708 463 1772 maior
480 1711 608 1772 aestate.
636 1705 721 1772 Nam
740 1711 814 1771 aute
833 1707 998 1771 meridiem
1017 1710 1159 1791 xystum,

143 1801 218 1881 post
240 1797 405 1861 meridiem
428 1797 617 1883 gestationis
645 1797 794 1880 hortique
822 1797 1003 1880 proximam
1031 1801 1158 1880 partem

144 1886 257 1951 umbr'a
285 1907 342 1949 sua
369 1890 538 1970 temperat,
567 1908 661 1970 quae,
688 1889 725 1950 ut
753 1885 820 1950 dies
844 1886 944 1950 crevit
967 1885 1159 1970 decrevitve,

93 1991 125 2039 19
144 1973 241 2037 modo
265 1973 401 2055 brevior,
426 1973 521 2039 modo
544 1976 674 2060 longior
695 1974 756 2038 hac
783 1975 835 2038 vel
862 1976 918 2038 ilia
946 1975 1038 2039 cadit.
1083 1972 1159 2058 Ipsa

144 2083 220 2126 vero
248 2063 505 2144 cryptoporticus
531 2067 601 2127 tum
629 2065 767 2127 maxime
795 2068 882 2129 caret
909 2065 985 2147 sole,
1013 2085 1086 2128 cum
1109 2086 1159 2128 ar·
1173 2089 1200 2130 20

146 2150 350 2214 dentissimus
374 2151 507 2214 culmini
535 2153 602 2216 eius
630 2153 758 2216 insistit.
803 2151 856 2215 Ad
883 2153 946 2218 hoc
972 2152 1159 2237 patentibus

145 2240 292 2303 fenestris
319 2238 466 2304 favonios
494 2241 611 2323 accipit
638 2241 891 2325 transmittitque
918 2263 977 2306 uec
1003 2264 1159 2326 umquam

93 2345 127 2394 20
146 2333 217 2392 a‘e‘re
249 2329 343 2414 pigro
377 2332 409 2392 et
439 2334 587 2394 manente
618 2329 819 2416 ingravescit.
864 2328 903 2393 In
935 2331 1039 2414 capite
1071 2333 1159 2414 xysti

147 2418 295 2501 deinceps
323 2419 579 2502 cryptoporticus
606 2418 694 2484 horti
722 2418 825 2484 diaeta
853 2423 909 2502 est,
937 2441 1061 2484 amores
1085 2421 1160 2505 mei,

145 2530 180 2572 re
202 2529 277 2571 vera
300 2528 437 2591 amores,
460 2509 529 2590 ipse
550 2509 652 2592 posui.
689 2505 729 2571 In
750 2507 811 2573 hac
833 2507 1065 2573 heliocaminus
1089 2511 1159 2592 qui·
1174 2535 1199 2576 cs

147 2596 218 2660 dem
237 2597 300 2661 alia
321 2600 461 2680 xystum,
479 2597 542 2660 alia
565 2619 660 2680 mare,
683 2600 817 2680 utraque
841 2598 950 2675 solem,
974 2597 1159 2662 cubiculum

147 2689 254 2748 autem
281 2685 384 2749 valvis
412 2687 696 2769 cryptoporticum,
723 2685 862 2750 fenestra
884 2687 1040 2769 prospicit
1062 2709 1159 2752 mare.

94 2789 127 2837 21
148 2771 267 2837 Contra
294 2775 448 2857 parietem
476 2774 617 2838 medium
644 2774 777 2839 zotheca
808 2796 962 2858 perquam
996 2776 1160 2859 eleganter

147 2860 275 2945 recedit,
299 2882 380 2944 quae
403 2862 621 2947 specularibus
645 2867 677 2927 et
700 2864 780 2929 velis
808 2862 956 2928 obductis
978 2864 1159 2929 reductisve

147 2949 243 3015 modo
272 2949 408 3014 adicitur
440 2951 602 3036 cubiculo,
634 2952 729 3017 modo
763 2953 912 3016 aufertur.
958 2953 1093 3017 Lectum
1127 2959 1160 3019 et
1174 2980 1200 3020 ao

148 3039 226 3102 duas
255 3039 422 3104 cathedras
450 3042 549 3124 capit,
576 3063 595 3104 a
617 3041 751 3124 pedibus
779 3063 875 3123 mare,
898 3063 916 3105 a
939 3047 1029 3127 tergo
1053 3043 1160 3126 villae,

148 3128 293 3210 acapite
317 3128 423 3192 silvae.
468 3129 532 3194 Tot
558 3129 655 3195 facies
681 3132 827 3201 locorum
853 3130 988 3195 totidem
1010 3131 1160 3196 fenestris

95 3231 129 3280 22
149 3219 182 3282 et
204 3215 374 3302 distinguit
397 3221 429 3281 et
451 3219 571 3283 miscet.
608 3217 757 3284 Iunctum
782 3222 830 3282 est
849 3219 1032 3283 cubiculum
1054 3223 1160 3286 noctis

221 3378 235 3427 7
260 3374 296 3427 ab
319 3373 401 3428 horto
423 3375 582 3444 pauciores,
606 3375 656 3430 sed
677 3375 725 3429 alt.
745 3375 873 3445 singulae
888 3377 957 3443 KJ,
976 3377 1160 3446 dicp.1p.17.

149 3446 283 3500 tventus
301 3447 408 3514 Fpra,
424 3447 492 3514 K.I‚
514 3447 574 3502 Ouo
588 3452 651 3513 298,
670 3446 760 3501 ventis
776 3449 814 3501 M
821 3449 887 3514 VD,
903 3448 989 3502 K.II.
1045 3452 1078 3502 19
1092 3447 1161 3503 illac

148 3515 255 3584 Fpra,
271 3517 391 3572 Vllar
413 3519 503 3587 Dpc,
524 3519 739 3573 V11120.rra.
848 3524 883 3572 24
910 3519 1048 3590 [cryptop.
1072 3519 1160 3591 horti]

150 3584 401 3656 K.Il,de'cp.117.
474 3595 507 3642 27
526 3605 583 3658 qua
600 3605 677 3644 mare
696 3590 779 3657 Fra,
801 3589 861 3646 Otto
874 3594 929 3647 298
