<?xml version="1.0" encoding="UTF-8"?>
<!DOCTYPE html PUBLIC "-//W3C//DTD XHTML 1.0 Transitional//EN"
    "http://www.w3.org/TR/xhtml1/DTD/xhtml1-transitional.dtd">
<html xmlns="http://www.w3.org/1999/xhtml" xml:lang="en" lang="en">
 <head>
  <title>
</title>
<meta http-equiv="Content-Type" content="text/html;charset=utf-8" />
  <meta name='ocr-system' content='tesseract 3.04.00' />
  <meta name='ocr-capabilities' content='ocr_page ocr_carea ocr_par ocr_line ocrx_word'/>
</head>
<body>
  <div class='ocr_page' id='page_1' title='image "./cplinicaecilise04plingoog_0272.png"; bbox 0 0 2506 3862; ppageno 0'>
   <div class='ocr_carea' id='block_1_1' title="bbox 430 208 1131 276">
    <p class='ocr_par' dir='ltr' id='par_1_1' title="bbox 430 208 1131 276">
     <span class='ocr_line' id='line_1_1' title="bbox 430 208 1131 276; baseline 0.02 -14"><span class='ocrx_word' id='word_1_1' title='bbox 430 208 688 264; x_wconf 84' lang='lat' dir='ltr'><strong>EPISTULARUM</strong></span> <span class='ocrx_word' id='word_1_2' title='bbox 707 214 819 264; x_wconf 80' lang='lat'><strong>16-20.</strong></span> <span class='ocrx_word' id='word_1_3' title='bbox 1003 265 1005 270; x_wconf 95' lang='lat'><em>.</em></span> <span class='ocrx_word' id='word_1_4' title='bbox 1065 210 1131 276; x_wconf 77' lang='grc'>259</span> 
     </span>
    </p>
   </div>
   <div class='ocr_carea' id='block_1_2' title="bbox 464 372 789 527">
    <p class='ocr_par' dir='ltr' id='par_1_2' title="bbox 464 372 789 527">
     <span class='ocr_line' id='line_1_2' title="bbox 490 372 760 457; baseline 0.004 -21"><span class='ocrx_word' id='word_1_5' title='bbox 490 377 602 436; x_wconf 80' lang='lat' dir='ltr'>nnn.</span> <span class='ocrx_word' id='word_1_6' title='bbox 625 372 760 457; x_wconf 81' lang='lat' dir='ltr'>[xxm]</span> 
     </span>
     <span class='ocr_line' id='line_1_3' title="bbox 464 478 789 527; baseline 0.006 -2"><span class='ocrx_word' id='word_1_7' title='bbox 464 478 636 526; x_wconf 75' lang='lat' dir='ltr'>TRAIANUS</span> <span class='ocrx_word' id='word_1_8' title='bbox 659 478 789 527; x_wconf 83' lang='lat' dir='ltr'>PLINIO.</span> 
     </span>
    </p>
   </div>
   <div class='ocr_carea' id='block_1_3' title="bbox 77 566 1167 1815">
    <p class='ocr_par' dir='ltr' id='par_1_3' title="bbox 77 566 1167 1815">
     <span class='ocr_line' id='line_1_4' title="bbox 186 566 1165 652; baseline 0.005 -20"><span class='ocrx_word' id='word_1_9' title='bbox 186 566 341 652; x_wconf 80' lang='lat' dir='ltr'>Cuperem</span> <span class='ocrx_word' id='word_1_10' title='bbox 373 568 441 633; x_wconf 92' lang='lat' dir='ltr'>sine</span> <span class='ocrx_word' id='word_1_11' title='bbox 471 569 612 652; x_wconf 80' lang='lat' dir='ltr'>querella</span> <span class='ocrx_word' id='word_1_12' title='bbox 645 569 826 652; x_wconf 80' lang='lat' dir='ltr'>corpusculi</span> <span class='ocrx_word' id='word_1_13' title='bbox 858 570 906 634; x_wconf 88' lang='lat' dir='ltr'>tui</span> <span class='ocrx_word' id='word_1_14' title='bbox 939 573 971 634; x_wconf 89' lang='lat' dir='ltr'>et</span> <span class='ocrx_word' id='word_1_15' title='bbox 1002 574 1165 638; x_wconf 85' lang='lat' dir='ltr'>tuorumr</span> 
     </span>
     <span class='ocr_line' id='line_1_5' title="bbox 118 657 1133 743; baseline 0.003 -22"><span class='ocrx_word' id='word_1_16' title='bbox 118 658 285 741; x_wconf 89' lang='lat' dir='ltr'>pervenire</span> <span class='ocrx_word' id='word_1_17' title='bbox 312 658 346 722; x_wconf 92' lang='lat' dir='ltr'>in</span> <span class='ocrx_word' id='word_1_18' title='bbox 368 657 554 741; x_wconf 80' lang='lat' dir='ltr'><strong>Bithyniam</strong></span> <span class='ocrx_word' id='word_1_19' title='bbox 583 658 757 743; x_wconf 86' lang='lat' dir='ltr'>potuisses,</span> <span class='ocrx_word' id='word_1_20' title='bbox 790 680 827 723; x_wconf 90' lang='lat' dir='ltr'>ac</span> <span class='ocrx_word' id='word_1_21' title='bbox 854 658 958 723; x_wconf 89' lang='lat' dir='ltr'>simile</span> <span class='ocrx_word' id='word_1_22' title='bbox 981 659 1042 723; x_wconf 88' lang='lat' dir='ltr'>tibi</span> <span class='ocrx_word' id='word_1_23' title='bbox 1071 661 1133 724; x_wconf 92' lang='lat' dir='ltr'>iter</span> 
     </span>
     <span class='ocr_line' id='line_1_6' title="bbox 91 746 1133 833; baseline -0.001 -20"><span class='ocrx_word' id='word_1_24' title='bbox 91 748 158 813; x_wconf 84' lang='lat' dir='ltr'>sab</span> <span class='ocrx_word' id='word_1_25' title='bbox 182 746 313 831; x_wconf 82' lang='lat' dir='ltr'>Epheso</span> <span class='ocrx_word' id='word_1_26' title='bbox 337 746 402 832; x_wconf 88' lang='lat' dir='ltr'>[ut]</span> <span class='ocrx_word' id='word_1_27' title='bbox 425 748 624 833; x_wconf 81' lang='lat' dir='ltr'><strong>navigationi</strong></span> <span class='ocrx_word' id='word_1_28' title='bbox 647 747 770 832; x_wconf 86' lang='lat' dir='ltr'>fuisset,</span> <span class='ocrx_word' id='word_1_29' title='bbox 794 769 889 831; x_wconf 89' lang='lat' dir='ltr'>quam</span> <span class='ocrx_word' id='word_1_30' title='bbox 909 753 1058 832; x_wconf 86' lang='lat' dir='ltr'>expertus</span> <span class='ocrx_word' id='word_1_31' title='bbox 1081 771 1133 813; x_wconf 91' lang='lat' dir='ltr'>us-</span> 
     </span>
     <span class='ocr_line' id='line_1_7' title="bbox 119 835 1166 921; baseline 0.003 -21"><span class='ocrx_word' id='word_1_32' title='bbox 119 858 181 920; x_wconf 90' lang='lat' dir='ltr'>que</span> <span class='ocrx_word' id='word_1_33' title='bbox 199 837 255 900; x_wconf 93' lang='lat' dir='ltr'>illo</span> <span class='ocrx_word' id='word_1_34' title='bbox 275 858 352 901; x_wconf 89' lang='lat' dir='ltr'>eras.</span> <span class='ocrx_word' id='word_1_35' title='bbox 381 835 451 913; x_wconf 85' lang='lat' dir='ltr'>Quo</span> <span class='ocrx_word' id='word_1_36' title='bbox 470 841 577 900; x_wconf 88' lang='lat' dir='ltr'>autem</span> <span class='ocrx_word' id='word_1_37' title='bbox 598 837 648 900; x_wconf 92' lang='lat' dir='ltr'>die</span> <span class='ocrx_word' id='word_1_38' title='bbox 666 836 865 920; x_wconf 82' lang='lat' dir='ltr'>pervenisses</span> <span class='ocrx_word' id='word_1_39' title='bbox 883 838 918 901; x_wconf 94' lang='lat' dir='ltr'>in</span> <span class='ocrx_word' id='word_1_40' title='bbox 936 836 1132 921; x_wconf 81' lang='lat' dir='ltr'><strong>Bithyniam,</strong></span> <span class='ocrx_word' id='word_1_41' title='bbox 1151 856 1166 903; x_wconf 78' lang='lat' dir='ltr'><strong>a</strong></span> 
     </span>
     <span class='ocr_line' id='line_1_8' title="bbox 119 923 1133 1011; baseline 0.003 -22"><span class='ocrx_word' id='word_1_42' title='bbox 119 926 265 1011; x_wconf 75' lang='lat' dir='ltr'><strong>cognovi,</strong></span> <span class='ocrx_word' id='word_1_43' title='bbox 289 923 433 990; x_wconf 90' lang='lat' dir='ltr'>Secunde</span> <span class='ocrx_word' id='word_1_44' title='bbox 457 927 629 1008; x_wconf 86' lang='lat' dir='ltr'>carissime,</span> <span class='ocrx_word' id='word_1_45' title='bbox 651 927 768 991; x_wconf 90' lang='lat' dir='ltr'>litteris</span> <span class='ocrx_word' id='word_1_46' title='bbox 792 927 864 991; x_wconf 90' lang='lat' dir='ltr'>tuis.</span> <span class='ocrx_word' id='word_1_47' title='bbox 906 925 1133 1011; x_wconf 83' lang='lat' dir='ltr'>Provinoisles,</span> 
     </span>
     <span class='ocr_line' id='line_1_9' title="bbox 120 1015 1132 1101; baseline 0.001 -23"><span class='ocrx_word' id='word_1_48' title='bbox 120 1015 226 1098; x_wconf 91' lang='lat' dir='ltr'>credo,</span> <span class='ocrx_word' id='word_1_49' title='bbox 253 1019 459 1098; x_wconf 90' lang='lat' dir='ltr'>prospectum</span> <span class='ocrx_word' id='word_1_50' title='bbox 485 1015 546 1078; x_wconf 91' lang='lat' dir='ltr'>sibi</span> <span class='ocrx_word' id='word_1_51' title='bbox 569 1038 588 1078; x_wconf 89' lang='lat' dir='ltr'>a</span> <span class='ocrx_word' id='word_1_52' title='bbox 610 1037 662 1079; x_wconf 95' lang='lat' dir='ltr'>me</span> <span class='ocrx_word' id='word_1_53' title='bbox 690 1016 886 1101; x_wconf 81' lang='lat' dir='ltr'>intellegent.</span> <span class='ocrx_word' id='word_1_54' title='bbox 932 1015 1017 1079; x_wconf 89' lang='lat' dir='ltr'>Nam</span> <span class='ocrx_word' id='word_1_55' title='bbox 1041 1020 1073 1079; x_wconf 98' lang='lat' dir='ltr'>et</span> <span class='ocrx_word' id='word_1_56' title='bbox 1096 1020 1132 1079; x_wconf 89' lang='lat' dir='ltr'>tn</span> 
     </span>
     <span class='ocr_line' id='line_1_10' title="bbox 119 1103 1132 1190; baseline 0.003 -24"><span class='ocrx_word' id='word_1_57' title='bbox 119 1104 208 1167; x_wconf 90' lang='lat' dir='ltr'>dabis</span> <span class='ocrx_word' id='word_1_58' title='bbox 234 1125 373 1187; x_wconf 83' lang='lat' dir='ltr'>operam,</span> <span class='ocrx_word' id='word_1_59' title='bbox 395 1107 432 1168; x_wconf 94' lang='lat' dir='ltr'>ut</span> <span class='ocrx_word' id='word_1_60' title='bbox 455 1104 661 1168; x_wconf 82' lang='lat' dir='ltr'>manifestum</span> <span class='ocrx_word' id='word_1_61' title='bbox 686 1103 728 1168; x_wconf 88' lang='lat' dir='ltr'>sit</span> <span class='ocrx_word' id='word_1_62' title='bbox 750 1104 815 1169; x_wconf 90' lang='lat' dir='ltr'>illis</span> <span class='ocrx_word' id='word_1_63' title='bbox 839 1106 975 1169; x_wconf 90' lang='lat' dir='ltr'>electum</span> <span class='ocrx_word' id='word_1_64' title='bbox 1000 1109 1031 1169; x_wconf 98' lang='lat' dir='ltr'>te</span> <span class='ocrx_word' id='word_1_65' title='bbox 1055 1127 1132 1190; x_wconf 86' lang='lat' dir='ltr'>esse,</span> 
     </span>
     <span class='ocr_line' id='line_1_11' title="bbox 78 1192 1167 1275; baseline 0.004 -18"><span class='ocrx_word' id='word_1_66' title='bbox 78 1219 104 1257; x_wconf 89' lang='lat'>10</span> <span class='ocrx_word' id='word_1_67' title='bbox 119 1193 174 1275; x_wconf 93' lang='lat' dir='ltr'>qui</span> <span class='ocrx_word' id='word_1_68' title='bbox 197 1193 237 1255; x_wconf 89' lang='lat' dir='ltr'>ad</span> <span class='ocrx_word' id='word_1_69' title='bbox 259 1194 282 1275; x_wconf 79' lang='lat'>†</span> <span class='ocrx_word' id='word_1_70' title='bbox 301 1194 428 1258; x_wconf 89' lang='lat' dir='ltr'>cosdem</span> <span class='ocrx_word' id='word_1_71' title='bbox 452 1193 516 1257; x_wconf 94' lang='lat' dir='ltr'>mei</span> <span class='ocrx_word' id='word_1_72' title='bbox 538 1195 611 1258; x_wconf 94' lang='lat' dir='ltr'>loco</span> <span class='ocrx_word' id='word_1_73' title='bbox 634 1192 815 1257; x_wconf 90' lang='lat' dir='ltr'>mittereris.</span> <span class='ocrx_word' id='word_1_74' title='bbox 847 1193 1001 1258; x_wconf 84' lang='lat' dir='ltr'>Rationes</span> <span class='ocrx_word' id='word_1_75' title='bbox 1024 1198 1167 1261; x_wconf 78' lang='lat' dir='ltr'>auteme</span> 
     </span>
     <span class='ocr_line' id='line_1_12' title="bbox 117 1282 1132 1369; baseline 0.002 -24"><span class='ocrx_word' id='word_1_76' title='bbox 117 1282 151 1345; x_wconf 93' lang='lat' dir='ltr'>in</span> <span class='ocrx_word' id='word_1_77' title='bbox 183 1282 295 1365; x_wconf 90' lang='lat' dir='ltr'>primis</span> <span class='ocrx_word' id='word_1_78' title='bbox 328 1282 389 1346; x_wconf 91' lang='lat' dir='ltr'>tibi</span> <span class='ocrx_word' id='word_1_79' title='bbox 420 1304 526 1346; x_wconf 89' lang='lat' dir='ltr'>rerum</span> <span class='ocrx_word' id='word_1_80' title='bbox 563 1282 765 1366; x_wconf 89' lang='lat' dir='ltr'>publicarum</span> <span class='ocrx_word' id='word_1_81' title='bbox 804 1283 1009 1347; x_wconf 81' lang='lat' dir='ltr'>excutiendae</span> <span class='ocrx_word' id='word_1_82' title='bbox 1042 1286 1132 1369; x_wconf 82' lang='lat' dir='ltr'>sunt3</span> 
     </span>
     <span class='ocr_line' id='line_1_13' title="bbox 116 1371 1132 1437; baseline 0.002 -3"><span class='ocrx_word' id='word_1_83' title='bbox 116 1393 191 1434; x_wconf 94' lang='lat' dir='ltr'>nam</span> <span class='ocrx_word' id='word_1_84' title='bbox 216 1374 248 1435; x_wconf 98' lang='lat' dir='ltr'>et</span> <span class='ocrx_word' id='word_1_85' title='bbox 272 1392 340 1436; x_wconf 86' lang='lat' dir='ltr'>esse</span> <span class='ocrx_word' id='word_1_86' title='bbox 368 1393 420 1436; x_wconf 90' lang='lat' dir='ltr'>eas</span> <span class='ocrx_word' id='word_1_87' title='bbox 450 1374 580 1436; x_wconf 86' lang='lat' dir='ltr'>vexatos</span> <span class='ocrx_word' id='word_1_88' title='bbox 609 1371 687 1436; x_wconf 87' lang='lat' dir='ltr'>satis</span> <span class='ocrx_word' id='word_1_89' title='bbox 711 1374 845 1436; x_wconf 86' lang='lat' dir='ltr'>constat.</span> <span class='ocrx_word' id='word_1_90' title='bbox 890 1371 1054 1437; x_wconf 86' lang='lat' dir='ltr'>Mensores</span> <span class='ocrx_word' id='word_1_91' title='bbox 1077 1373 1132 1436; x_wconf 86' lang='lat' dir='ltr'>vix</span> 
     </span>
     <span class='ocr_line' id='line_1_14' title="bbox 117 1459 1131 1546; baseline 0.002 -23"><span class='ocrx_word' id='word_1_92' title='bbox 117 1461 213 1524; x_wconf 89' lang='lat' dir='ltr'>etiam</span> <span class='ocrx_word' id='word_1_93' title='bbox 243 1461 282 1525; x_wconf 90' lang='lat' dir='ltr'>iis</span> <span class='ocrx_word' id='word_1_94' title='bbox 312 1461 475 1546; x_wconf 87' lang='lat' dir='ltr'>operibus,</span> <span class='ocrx_word' id='word_1_95' title='bbox 504 1483 584 1545; x_wconf 91' lang='lat' dir='ltr'>quae</span> <span class='ocrx_word' id='word_1_96' title='bbox 612 1464 669 1524; x_wconf 88' lang='lat' dir='ltr'>aut</span> <span class='ocrx_word' id='word_1_97' title='bbox 691 1459 814 1524; x_wconf 89' lang='lat' dir='ltr'>Romae</span> <span class='ocrx_word' id='word_1_98' title='bbox 842 1461 956 1525; x_wconf 89' lang='lat' dir='ltr'>autin</span> <span class='ocrx_word' id='word_1_99' title='bbox 982 1462 1131 1544; x_wconf 88' lang='lat' dir='ltr'>proximo</span> 
     </span>
     <span class='ocr_line' id='line_1_15' title="bbox 116 1549 1132 1634; baseline 0.003 -22"><span class='ocrx_word' id='word_1_100' title='bbox 116 1551 212 1632; x_wconf 88' lang='lat' dir='ltr'>fiunt,</span> <span class='ocrx_word' id='word_1_101' title='bbox 243 1550 439 1614; x_wconf 87' lang='lat' dir='ltr'>sufficienter</span> <span class='ocrx_word' id='word_1_102' title='bbox 465 1549 583 1634; x_wconf 81' lang='lat' dir='ltr'>habe03</span> <span class='ocrx_word' id='word_1_103' title='bbox 616 1551 670 1614; x_wconf 86' lang='lat' dir='ltr'>sed</span> <span class='ocrx_word' id='word_1_104' title='bbox 702 1550 736 1614; x_wconf 92' lang='lat' dir='ltr'>in</span> <span class='ocrx_word' id='word_1_105' title='bbox 769 1551 857 1613; x_wconf 89' lang='lat' dir='ltr'>omni</span> <span class='ocrx_word' id='word_1_106' title='bbox 889 1551 1054 1633; x_wconf 82' lang='lat' dir='ltr'>provincia</span> <span class='ocrx_word' id='word_1_107' title='bbox 1085 1551 1132 1614; x_wconf 90' lang='lat' dir='ltr'>in·</span> 
     </span>
     <span class='ocr_line' id='line_1_16' title="bbox 77 1639 1132 1723; baseline 0.002 -21"><span class='ocrx_word' id='word_1_108' title='bbox 77 1663 103 1702; x_wconf 78' lang='lat' dir='ltr'>rs</span> <span class='ocrx_word' id='word_1_109' title='bbox 117 1640 302 1723; x_wconf 78' lang='lat' dir='ltr'>veniuntur,</span> <span class='ocrx_word' id='word_1_110' title='bbox 336 1639 452 1722; x_wconf 85' lang='lat' dir='ltr'>quibus</span> <span class='ocrx_word' id='word_1_111' title='bbox 481 1640 565 1704; x_wconf 90' lang='lat' dir='ltr'>credi</span> <span class='ocrx_word' id='word_1_112' title='bbox 593 1640 712 1723; x_wconf 87' lang='lat' dir='ltr'>possit,</span> <span class='ocrx_word' id='word_1_113' title='bbox 745 1642 777 1703; x_wconf 87' lang='lat' dir='ltr'>et</span> <span class='ocrx_word' id='word_1_114' title='bbox 806 1639 878 1704; x_wconf 95' lang='lat' dir='ltr'>ideo</span> <span class='ocrx_word' id='word_1_115' title='bbox 905 1660 971 1703; x_wconf 93' lang='lat' dir='ltr'>non</span> <span class='ocrx_word' id='word_1_116' title='bbox 999 1640 1132 1704; x_wconf 89' lang='lat' dir='ltr'>deemnt</span> 
     </span>
     <span class='ocr_line' id='line_1_17' title="bbox 118 1728 780 1815; baseline 0.002 -24"><span class='ocrx_word' id='word_1_117' title='bbox 118 1728 187 1812; x_wconf 92' lang='lat' dir='ltr'>tibi,</span> <span class='ocrx_word' id='word_1_118' title='bbox 210 1729 306 1792; x_wconf 93' lang='lat' dir='ltr'>modo</span> <span class='ocrx_word' id='word_1_119' title='bbox 329 1729 408 1793; x_wconf 88' lang='lat' dir='ltr'>velis</span> <span class='ocrx_word' id='word_1_120' title='bbox 432 1728 603 1815; x_wconf 80' lang='lat' dir='ltr'>diligenter</span> <span class='ocrx_word' id='word_1_121' title='bbox 625 1732 780 1793; x_wconf 88' lang='lat' dir='ltr'>excutere.</span> 
     </span>
    </p>
   </div>
   <div class='ocr_carea' id='block_1_4' title="bbox 400 1870 735 1973">
    <p class='ocr_par' dir='ltr' id='par_1_4' title="bbox 400 1870 735 1973">
     <span class='ocr_line' id='line_1_18' title="bbox 400 1870 735 1973; baseline -0.006 -21"><span class='ocrx_word' id='word_1_122' title='bbox 400 1870 402 1877; x_wconf 73' lang='grc'>’</span> <span class='ocrx_word' id='word_1_123' title='bbox 514 1894 591 1952; x_wconf 84' lang='lat' dir='ltr'>xix.</span> <span class='ocrx_word' id='word_1_124' title='bbox 616 1887 735 1973; x_wconf 62' lang='lat' dir='ltr'><strong>[xxx]</strong></span> 
     </span>
    </p>
   </div>
   <div class='ocr_carea' id='block_1_5' title="bbox 315 1993 936 2043">
    <p class='ocr_par' dir='ltr' id='par_1_5' title="bbox 315 1993 936 2043">
     <span class='ocr_line' id='line_1_19' title="bbox 315 1993 936 2043; baseline 0 -2"><span class='ocrx_word' id='word_1_125' title='bbox 315 1994 344 2043; x_wconf 82' lang='lat' dir='ltr'>C.</span> <span class='ocrx_word' id='word_1_126' title='bbox 367 1994 505 2042; x_wconf 83' lang='lat' dir='ltr'>PLINIUS</span> <span class='ocrx_word' id='word_1_127' title='bbox 532 1994 684 2043; x_wconf 76' lang='lat' dir='ltr'>TRAIANO</span> <span class='ocrx_word' id='word_1_128' title='bbox 708 1993 936 2042; x_wconf 81' lang='lat' dir='ltr'>IMPERATORI.</span> 
     </span>
    </p>
   </div>
   <div class='ocr_carea' id='block_1_6' title="bbox 77 2083 1164 2883">
    <p class='ocr_par' dir='ltr' id='par_1_6' title="bbox 77 2083 1164 2883">
     <span class='ocr_line' id='line_1_20' title="bbox 183 2083 1164 2170; baseline 0.003 -22"><span class='ocrx_word' id='word_1_129' title='bbox 183 2083 287 2170; x_wconf 88' lang='lat' dir='ltr'>Rogo,</span> <span class='ocrx_word' id='word_1_130' title='bbox 302 2085 439 2169; x_wconf 90' lang='lat' dir='ltr'>domine,</span> <span class='ocrx_word' id='word_1_131' title='bbox 458 2084 592 2149; x_wconf 86' lang='lat' dir='ltr'>consilio</span> <span class='ocrx_word' id='word_1_132' title='bbox 607 2106 658 2148; x_wconf 98' lang='lat' dir='ltr'>me</span> <span class='ocrx_word' id='word_1_133' title='bbox 677 2105 769 2170; x_wconf 85' lang='lat' dir='ltr'>regas</span> <span class='ocrx_word' id='word_1_134' title='bbox 782 2084 1004 2168; x_wconf 83' lang='lat' dir='ltr'>haesitantem,</span> <span class='ocrx_word' id='word_1_135' title='bbox 1022 2089 1130 2149; x_wconf 89' lang='lat' dir='ltr'>utrum</span> <span class='ocrx_word' id='word_1_136' title='bbox 1151 2105 1164 2151; x_wconf 92' lang='lat'>1</span> 
     </span>
     <span class='ocr_line' id='line_1_21' title="bbox 77 2173 1131 2258; baseline 0.001 -21"><span class='ocrx_word' id='word_1_137' title='bbox 77 2198 103 2238; x_wconf 79' lang='lat' dir='ltr'>ao</span> <span class='ocrx_word' id='word_1_138' title='bbox 117 2194 175 2256; x_wconf 91' lang='lat' dir='ltr'>per</span> <span class='ocrx_word' id='word_1_139' title='bbox 183 2174 331 2256; x_wconf 89' lang='lat' dir='ltr'>publicos</span> <span class='ocrx_word' id='word_1_140' title='bbox 347 2175 514 2239; x_wconf 76' lang='lat' dir='ltr'>civitatum</span> <span class='ocrx_word' id='word_1_141' title='bbox 529 2195 647 2258; x_wconf 87' lang='lat' dir='ltr'>servos,</span> <span class='ocrx_word' id='word_1_142' title='bbox 667 2173 752 2257; x_wconf 90' lang='lat' dir='ltr'>quod</span> <span class='ocrx_word' id='word_1_143' title='bbox 766 2194 867 2257; x_wconf 90' lang='lat' dir='ltr'>usque</span> <span class='ocrx_word' id='word_1_144' title='bbox 882 2174 986 2238; x_wconf 89' lang='lat' dir='ltr'>adhuc</span> <span class='ocrx_word' id='word_1_145' title='bbox 999 2173 1131 2258; x_wconf 84' lang='lat' dir='ltr'>factum,</span> 
     </span>
     <span class='ocr_line' id='line_1_22' title="bbox 117 2261 1132 2346; baseline 0.001 -20"><span class='ocrx_word' id='word_1_146' title='bbox 117 2285 158 2326; x_wconf 90' lang='lat' dir='ltr'>an</span> <span class='ocrx_word' id='word_1_147' title='bbox 187 2285 246 2346; x_wconf 90' lang='lat' dir='ltr'>per</span> <span class='ocrx_word' id='word_1_148' title='bbox 277 2263 396 2327; x_wconf 91' lang='lat' dir='ltr'>milites</span> <span class='ocrx_word' id='word_1_149' title='bbox 429 2264 596 2328; x_wconf 83' lang='lat' dir='ltr'>adservare</span> <span class='ocrx_word' id='word_1_150' title='bbox 630 2263 790 2327; x_wconf 87' lang='lat' dir='ltr'>custodias</span> <span class='ocrx_word' id='word_1_151' title='bbox 823 2263 964 2326; x_wconf 90' lang='lat' dir='ltr'>debeam.</span> <span class='ocrx_word' id='word_1_152' title='bbox 1010 2261 1132 2327; x_wconf 88' lang='lat' dir='ltr'>Vereor</span> 
     </span>
     <span class='ocr_line' id='line_1_23' title="bbox 118 2352 1130 2436; baseline 0.002 -22"><span class='ocrx_word' id='word_1_153' title='bbox 118 2352 213 2435; x_wconf 88' lang='lat' dir='ltr'>enim,</span> <span class='ocrx_word' id='word_1_154' title='bbox 235 2374 276 2416; x_wconf 97' lang='lat' dir='ltr'>ne</span> <span class='ocrx_word' id='word_1_155' title='bbox 300 2356 332 2416; x_wconf 93' lang='lat' dir='ltr'>et</span> <span class='ocrx_word' id='word_1_156' title='bbox 355 2375 413 2436; x_wconf 91' lang='lat' dir='ltr'>per</span> <span class='ocrx_word' id='word_1_157' title='bbox 436 2374 543 2418; x_wconf 85' lang='lat' dir='ltr'>servos</span> <span class='ocrx_word' id='word_1_158' title='bbox 567 2352 714 2436; x_wconf 86' lang='lat' dir='ltr'>publicos</span> <span class='ocrx_word' id='word_1_159' title='bbox 738 2374 851 2435; x_wconf 89' lang='lat' dir='ltr'>pamm</span> <span class='ocrx_word' id='word_1_160' title='bbox 870 2352 1008 2416; x_wconf 89' lang='lat' dir='ltr'>fideliter</span> <span class='ocrx_word' id='word_1_161' title='bbox 1027 2355 1130 2416; x_wconf 91' lang='lat' dir='ltr'>custo·</span> 
     </span>
     <span class='ocr_line' id='line_1_24' title="bbox 118 2440 1131 2528; baseline 0.002 -25"><span class='ocrx_word' id='word_1_162' title='bbox 118 2440 254 2525; x_wconf 89' lang='lat' dir='ltr'>diantur,</span> <span class='ocrx_word' id='word_1_163' title='bbox 277 2444 309 2505; x_wconf 92' lang='lat' dir='ltr'>et</span> <span class='ocrx_word' id='word_1_164' title='bbox 330 2464 397 2506; x_wconf 93' lang='lat' dir='ltr'>non</span> <span class='ocrx_word' id='word_1_165' title='bbox 420 2443 571 2528; x_wconf 85' lang='lat' dir='ltr'>exiguum</span> <span class='ocrx_word' id='word_1_166' title='bbox 595 2442 735 2505; x_wconf 91' lang='lat' dir='ltr'>militum</span> <span class='ocrx_word' id='word_1_167' title='bbox 758 2462 927 2505; x_wconf 90' lang='lat' dir='ltr'>numerum</span> <span class='ocrx_word' id='word_1_168' title='bbox 952 2441 1032 2505; x_wconf 87' lang='lat' dir='ltr'>haec</span> <span class='ocrx_word' id='word_1_169' title='bbox 1056 2462 1131 2505; x_wconf 88' lang='lat' dir='ltr'>cura</span> 
     </span>
     <span class='ocr_line' id='line_1_25' title="bbox 118 2529 1164 2615; baseline 0.004 -23"><span class='ocrx_word' id='word_1_170' title='bbox 118 2529 296 2615; x_wconf 88' lang='lat' dir='ltr'>distringat.</span> <span class='ocrx_word' id='word_1_171' title='bbox 341 2529 475 2595; x_wconf 90' lang='lat' dir='ltr'>Interim</span> <span class='ocrx_word' id='word_1_172' title='bbox 498 2532 636 2614; x_wconf 91' lang='lat' dir='ltr'>publicis</span> <span class='ocrx_word' id='word_1_173' title='bbox 661 2531 760 2596; x_wconf 79' lang='lat' dir='ltr'>servis</span> <span class='ocrx_word' id='word_1_174' title='bbox 788 2552 908 2613; x_wconf 86' lang='lat' dir='ltr'>paucos</span> <span class='ocrx_word' id='word_1_175' title='bbox 935 2530 1054 2594; x_wconf 90' lang='lat' dir='ltr'>milites</span> <span class='ocrx_word' id='word_1_176' title='bbox 1077 2531 1164 2596; x_wconf 71' lang='lat' dir='ltr'>adu</span> 
     </span>
     <span class='ocr_line' id='line_1_26' title="bbox 77 2616 1131 2704; baseline -0.002 -19"><span class='ocrx_word' id='word_1_177' title='bbox 77 2644 102 2685; x_wconf 80' lang='lat' dir='ltr'>rs</span> <span class='ocrx_word' id='word_1_178' title='bbox 118 2618 192 2682; x_wconf 92' lang='lat' dir='ltr'>didi.</span> <span class='ocrx_word' id='word_1_179' title='bbox 229 2616 331 2683; x_wconf 87' lang='lat' dir='ltr'>Video</span> <span class='ocrx_word' id='word_1_180' title='bbox 356 2622 463 2684; x_wconf 85' lang='lat' dir='ltr'>tamen</span> <span class='ocrx_word' id='word_1_181' title='bbox 486 2621 664 2702; x_wconf 85' lang='lat' dir='ltr'>pericnlum</span> <span class='ocrx_word' id='word_1_182' title='bbox 689 2641 766 2704; x_wconf 90' lang='lat' dir='ltr'>esse,</span> <span class='ocrx_word' id='word_1_183' title='bbox 787 2642 828 2684; x_wconf 93' lang='lat' dir='ltr'>ne</span> <span class='ocrx_word' id='word_1_184' title='bbox 851 2620 884 2684; x_wconf 92' lang='lat' dir='ltr'>id</span> <span class='ocrx_word' id='word_1_185' title='bbox 906 2620 1013 2702; x_wconf 89' lang='lat' dir='ltr'>ipsum</span> <span class='ocrx_word' id='word_1_186' title='bbox 1036 2619 1131 2683; x_wconf 91' lang='lat' dir='ltr'>utris-</span> 
     </span>
     <span class='ocr_line' id='line_1_27' title="bbox 118 2708 1129 2793; baseline 0.004 -24"><span class='ocrx_word' id='word_1_187' title='bbox 118 2728 179 2791; x_wconf 91' lang='lat' dir='ltr'>que</span> <span class='ocrx_word' id='word_1_188' title='bbox 209 2708 430 2793; x_wconf 88' lang='lat' dir='ltr'>neglegentiae</span> <span class='ocrx_word' id='word_1_189' title='bbox 458 2730 553 2772; x_wconf 89' lang='lat' dir='ltr'>causa</span> <span class='ocrx_word' id='word_1_190' title='bbox 581 2710 636 2792; x_wconf 90' lang='lat' dir='ltr'>sit,</span> <span class='ocrx_word' id='word_1_191' title='bbox 668 2710 744 2773; x_wconf 90' lang='lat' dir='ltr'>dum</span> <span class='ocrx_word' id='word_1_192' title='bbox 775 2730 977 2773; x_wconf 91' lang='lat' dir='ltr'>communem</span> <span class='ocrx_word' id='word_1_193' title='bbox 1002 2710 1129 2792; x_wconf 88' lang='lat' dir='ltr'>culpam</span> 
     </span>
     <span class='ocr_line' id='line_1_28' title="bbox 116 2796 1059 2883; baseline 0.001 -23"><span class='ocrx_word' id='word_1_194' title='bbox 116 2797 151 2860; x_wconf 92' lang='lat' dir='ltr'>hi</span> <span class='ocrx_word' id='word_1_195' title='bbox 174 2796 208 2859; x_wconf 90' lang='lat' dir='ltr'>in</span> <span class='ocrx_word' id='word_1_196' title='bbox 232 2797 314 2879; x_wconf 86' lang='lat' dir='ltr'>illos,</span> <span class='ocrx_word' id='word_1_197' title='bbox 337 2798 386 2861; x_wconf 91' lang='lat' dir='ltr'>illi</span> <span class='ocrx_word' id='word_1_198' title='bbox 409 2798 442 2862; x_wconf 94' lang='lat' dir='ltr'>in</span> <span class='ocrx_word' id='word_1_199' title='bbox 465 2798 524 2861; x_wconf 86' lang='lat' dir='ltr'>hos</span> <span class='ocrx_word' id='word_1_200' title='bbox 548 2818 692 2883; x_wconf 82' lang='lat' dir='ltr'>regerere</span> <span class='ocrx_word' id='word_1_201' title='bbox 714 2819 746 2863; x_wconf 84' lang='lat' dir='ltr'>se</span> <span class='ocrx_word' id='word_1_202' title='bbox 767 2819 862 2881; x_wconf 92' lang='lat' dir='ltr'>posse</span> <span class='ocrx_word' id='word_1_203' title='bbox 887 2798 1059 2862; x_wconf 88' lang='lat' dir='ltr'>confidunt.</span> 
     </span>
    </p>
   </div>
   <div class='ocr_carea' id='block_1_7' title="bbox 463 2956 787 3112">
    <p class='ocr_par' dir='ltr' id='par_1_7' title="bbox 463 2956 787 3112">
     <span class='ocr_line' id='line_1_29' title="bbox 511 2956 733 3042; baseline 0 -21"><span class='ocrx_word' id='word_1_204' title='bbox 511 2962 573 3021; x_wconf 82' lang='lat' dir='ltr'>xx.</span> <span class='ocrx_word' id='word_1_205' title='bbox 599 2956 733 3042; x_wconf 81' lang='lat' dir='ltr'>[xxxi]</span> 
     </span>
     <span class='ocr_line' id='line_1_30' title="bbox 463 3062 787 3112; baseline 0.003 -3"><span class='ocrx_word' id='word_1_206' title='bbox 463 3062 635 3112; x_wconf 83' lang='lat' dir='ltr'>TRAIANUS</span> <span class='ocrx_word' id='word_1_207' title='bbox 659 3062 787 3111; x_wconf 84' lang='lat' dir='ltr'>PLINIO.</span> 
     </span>
    </p>
   </div>
   <div class='ocr_carea' id='block_1_8' title="bbox 77 3150 1129 3326">
    <p class='ocr_par' dir='ltr' id='par_1_8' title="bbox 77 3150 1129 3326">
     <span class='ocr_line' id='line_1_31' title="bbox 77 3150 1129 3238; baseline -0.003 -18"><span class='ocrx_word' id='word_1_208' title='bbox 77 3178 103 3220; x_wconf 80' lang='lat' dir='ltr'>so</span> <span class='ocrx_word' id='word_1_209' title='bbox 183 3153 276 3218; x_wconf 92' lang='lat' dir='ltr'>Nihil</span> <span class='ocrx_word' id='word_1_210' title='bbox 300 3175 380 3238; x_wconf 91' lang='lat' dir='ltr'>opus</span> <span class='ocrx_word' id='word_1_211' title='bbox 405 3156 462 3237; x_wconf 86' lang='lat' dir='ltr'>est,</span> <span class='ocrx_word' id='word_1_212' title='bbox 484 3154 530 3217; x_wconf 92' lang='lat' dir='ltr'>mi</span> <span class='ocrx_word' id='word_1_213' title='bbox 549 3150 693 3217; x_wconf 86' lang='lat' dir='ltr'>Secunde</span> <span class='ocrx_word' id='word_1_214' title='bbox 713 3153 884 3238; x_wconf 87' lang='lat' dir='ltr'>carissime,</span> <span class='ocrx_word' id='word_1_215' title='bbox 907 3153 947 3217; x_wconf 89' lang='lat' dir='ltr'>ad</span> <span class='ocrx_word' id='word_1_216' title='bbox 967 3152 1129 3217; x_wconf 89' lang='lat' dir='ltr'>continen-</span> 
     </span>
     <span class='ocr_line' id='line_1_32' title="bbox 118 3240 1129 3326; baseline 0.001 -21"><span class='ocrx_word' id='word_1_217' title='bbox 118 3243 172 3307; x_wconf 89' lang='lat' dir='ltr'>das</span> <span class='ocrx_word' id='word_1_218' title='bbox 202 3243 362 3308; x_wconf 87' lang='lat' dir='ltr'>custodias</span> <span class='ocrx_word' id='word_1_219' title='bbox 389 3244 497 3326; x_wconf 90' lang='lat' dir='ltr'>plures</span> <span class='ocrx_word' id='word_1_220' title='bbox 527 3242 760 3307; x_wconf 76' lang='lat' dir='ltr'>commilitones</span> <span class='ocrx_word' id='word_1_221' title='bbox 789 3243 940 3307; x_wconf 88' lang='lat' dir='ltr'>converti.</span> <span class='ocrx_word' id='word_1_222' title='bbox 980 3240 1129 3306; x_wconf 88' lang='lat' dir='ltr'>Perseve-</span> 
     </span>
    </p>
   </div>
   <div class='ocr_carea' id='block_1_9' title="bbox 109 3380 1170 3726">
    <p class='ocr_par' dir='ltr' id='par_1_9' title="bbox 109 3380 1170 3662">
     <span class='ocr_line' id='line_1_33' title="bbox 189 3380 1128 3451; baseline 0.001 -16"><span class='ocrx_word' id='word_1_223' title='bbox 189 3388 204 3435; x_wconf 77' lang='grc' dir='ltr'>ὅ</span> <span class='ocrx_word' id='word_1_224' title='bbox 228 3384 261 3436; x_wconf 90' lang='lat' dir='ltr'>ut</span> <span class='ocrx_word' id='word_1_225' title='bbox 278 3384 339 3438; x_wconf 79' lang='lat' dir='ltr'>siue</span> <span class='ocrx_word' id='word_1_226' title='bbox 357 3399 419 3438; x_wconf 81' lang='lat' dir='ltr'>ouo.</span> <span class='ocrx_word' id='word_1_227' title='bbox 434 3383 503 3451; x_wconf 79' lang='lat' dir='ltr'>KJ,</span> <span class='ocrx_word' id='word_1_228' title='bbox 523 3380 548 3437; x_wconf 87' lang='lat' dir='ltr'>ei</span> <span class='ocrx_word' id='word_1_229' title='bbox 567 3383 623 3450; x_wconf 75' lang='lat' dir='ltr'>all,</span> <span class='ocrx_word' id='word_1_230' title='bbox 642 3380 875 3436; x_wconf 79' lang='lat' dir='ltr'>saluberrimae?</span> <span class='ocrx_word' id='word_1_231' title='bbox 961 3386 994 3436; x_wconf 91' lang='lat'>10</span> <span class='ocrx_word' id='word_1_232' title='bbox 1018 3381 1128 3449; x_wconf 85' lang='lat' dir='ltr'>†add.,</span> 
     </span>
     <span class='ocr_line' id='line_1_34' title="bbox 119 3448 1142 3537; baseline -0.006 -32"><span class='ocrx_word' id='word_1_233' title='bbox 119 3453 255 3537; x_wconf 85' lang='lat' dir='ltr'>eos[dem]</span> <span class='ocrx_word' id='word_1_234' title='bbox 269 3454 354 3509; x_wconf 76' lang='grc' dir='ltr'>ΚΠ.</span> <span class='ocrx_word' id='word_1_235' title='bbox 375 3470 421 3509; x_wconf 86' lang='lat' dir='ltr'>eos</span> <span class='ocrx_word' id='word_1_236' title='bbox 437 3452 575 3508; x_wconf 88' lang='lat' dir='ltr'>dominil.</span> <span class='ocrx_word' id='word_1_237' title='bbox 591 3452 606 3508; x_wconf 75' lang='lat'>,9</span> <span class='ocrx_word' id='word_1_238' title='bbox 668 3457 701 3507; x_wconf 74' lang='lat'>20</span> <span class='ocrx_word' id='word_1_239' title='bbox 725 3452 885 3507; x_wconf 84' lang='lat' dir='ltr'>civitatium</span> <span class='ocrx_word' id='word_1_240' title='bbox 901 3448 981 3506; x_wconf 77' lang='lat' dir='ltr'>KH</span> <span class='ocrx_word' id='word_1_241' title='bbox 993 3459 1066 3513; x_wconf 58' lang='lat' dir='ltr'>tue„</span> <span class='ocrx_word' id='word_1_242' title='bbox 1078 3467 1142 3500; x_wconf 66' lang='lat' dir='ltr'>nou</span> 
     </span>
     <span class='ocr_line' id='line_1_35' title="bbox 109 3517 1170 3662; baseline -0.02 -81"><span class='ocrx_word' id='word_1_243' title='bbox 109 3523 383 3662; x_wconf 30' lang='lat' dir='ltr'>*iiiiiifufflZ-,a</span> <span class='ocrx_word' id='word_1_244' title='bbox 406 3533 430 3581; x_wconf 73' lang='lat'>4.</span> <span class='ocrx_word' id='word_1_245' title='bbox 444 3532 543 3659; x_wconf 50' lang='lat' dir='ltr'>umescere</span> <span class='ocrx_word' id='word_1_246' title='bbox 556 3525 721 3661; x_wconf 39' lang='lat' dir='ltr'>ostigigatium</span> <span class='ocrx_word' id='word_1_247' title='bbox 739 3543 774 3583; x_wconf 74' lang='lat' dir='ltr'>aa</span> <span class='ocrx_word' id='word_1_248' title='bbox 797 3525 893 3581; x_wconf 77' lang='lat' dir='ltr'>codam</span> <span class='ocrx_word' id='word_1_249' title='bbox 905 3521 996 3577; x_wconf 76' lang='lat' dir='ltr'>vm</span> <span class='ocrx_word' id='word_1_250' title='bbox 1001 3521 1081 3572; x_wconf 55' lang='lat' dir='ltr'>‘testa</span> <span class='ocrx_word' id='word_1_251' title='bbox 1094 3517 1170 3568; x_wconf 64' lang='lat' dir='ltr'>aaa,</span> 
     </span>
    </p>

    <p class='ocr_par' dir='ltr' id='par_1_10' title="bbox 973 3670 1030 3726">
     <span class='ocr_line' id='line_1_36' title="bbox 973 3670 1030 3726; baseline 0 0"><span class='ocrx_word' id='word_1_252' title='bbox 973 3670 1030 3726; x_wconf 63' lang='lat' dir='ltr'>W</span> 
     </span>
    </p>
   </div>
   <div class='ocr_carea' id='block_1_10' title="bbox 0 0 1258 3862">
    <p class='ocr_par' dir='ltr' id='par_1_11' title="bbox 0 0 1258 3862">
     <span class='ocr_line' id='line_1_37' title="bbox 0 0 1258 3862; baseline 0 0"><span class='ocrx_word' id='word_1_253' title='bbox 0 0 1258 3862; x_wconf 95' lang='lat' dir='ltr'> </span> 
     </span>
    </p>
   </div>
  </div>
 </body>
</html>
