2506 3862
126 217 170 282 90
561 213 588 269 0.
608 214 707 269 mnu

126 382 219 444 illum
242 379 404 462 onerabat,
428 379 514 461 quod
536 378 633 442 homo
658 379 794 464 simplex
818 382 850 442 et
873 379 1020 441 incautus
1044 399 1139 460 quae·

126 470 200 533 dam
219 491 238 532 a
254 468 506 552 provincialibus
524 471 562 531 ut
580 468 701 532 amicus
721 471 894 552 acceperat.
929 464 1014 530 Nam
1033 466 1141 530 fuerat

126 559 160 621 in
183 558 292 621 eadem
316 557 481 641 provincia
506 561 664 639 quaestor.
709 556 799 621 Haec
826 559 1025 620 accusatores
1052 555 1141 635 furta

126 668 163 711 ac
184 647 322 730 rapinas,
345 647 413 730 ipse
436 668 569 709 munera
591 646 743 729 vocabat3
766 645 821 711 sed
838 646 892 709 lex
909 666 1042 708 munera
1062 666 1140 727 quo-

89 753 187 819 sque
218 736 321 819 accipi
349 738 446 798 vetat.
491 733 555 798 Hic
586 756 646 820 ego
680 735 757 818 quid
789 756 926 820 agerem,
959 734 1045 817 quod
1077 735 1140 798 iter
1167 760 1177 798 5

125 825 319 890 defensionis
349 823 551 909 ingrederer?
592 822 775 909 Negarem?
802 824 949 906 verebar,
976 845 1016 886 ne
1043 824 1139 906 plane

123 915 247 978 furtum
276 913 451 996 videretur,
481 912 567 995 quod
597 914 743 977 confiteri
770 913 926 976 timerem.
971 911 1140 976 Praeterea

124 1025 192 1066 rem
215 1003 418 1066 manifestam
442 1002 575 1065 infitiari
595 1003 742 1088 augentis
765 1005 833 1066 erat
857 1002 986 1084 crimen,
1004 1022 1071 1064 non
1094 1002 1140 1065 di-

70 1123 72 1127 ·
124 1092 253 1175 tuentis,
275 1091 462 1176 praesertim
482 1111 556 1154 cum
578 1112 651 1155 reus
670 1092 739 1175 ipse
761 1090 844 1154 nihil
862 1091 1024 1175 integrum
1044 1090 1140 1153 advo-

125 1182 204 1245 catis
236 1181 428 1262 reliquisset.
478 1178 591 1244 Multis
624 1181 709 1243 enim
741 1183 838 1263 atque
871 1180 967 1243 etiam
999 1179 1140 1262 principi
1155 1205 1179 1244 10

125 1270 249 1333 dixerat
281 1271 349 1333 sola
381 1290 415 1332 se
446 1270 637 1332 munuscula
668 1269 836 1332 dumtaxat
866 1269 968 1332 natali
994 1288 1052 1331 suo
1083 1272 1141 1331 aut

88 1355 349 1421 sssaturnalibus
379 1359 538 1440 accepisse
569 1361 602 1421 et
630 1359 791 1441 plerisque
821 1357 955 1421 misisse.
1001 1354 1140 1420 Veniam

126 1467 202 1531 ergo
225 1448 389 1529 peterem?
417 1447 614 1531 iugulassem
641 1469 741 1529 reum,
770 1469 866 1529 quem
893 1447 940 1509 ita
968 1445 1140 1528 deliquisse

126 1536 345 1619 concederem,
372 1539 410 1599 ut
438 1536 557 1599 servari
583 1535 647 1598 nisi
673 1536 767 1598 venia
794 1556 860 1597 101
882 1538 1000 1618 posset.
1047 1532 1140 1598 Tam-

126 1646 222 1708 quam
240 1629 326 1690 recte
343 1625 466 1689 factum
484 1624 611 1689 tuerer?
630 1646 696 1688 non
714 1624 763 1687 illi
780 1624 982 1707 profuissem,
1001 1623 1057 1687 sed
1070 1624 1140 1707 ipse
1155 1649 1180 1688 15

89 1731 105 1778 9
125 1714 282 1797 inpudens
301 1715 487 1778 extitissem.
514 1711 554 1776 In
571 1713 632 1777 hac
646 1713 837 1776 difficultate
855 1713 978 1797 placuit
996 1713 1139 1776 medium

126 1803 277 1886 quiddam
300 1807 422 1886 tenere,
444 1803 555 1866 videor
577 1803 725 1866 tenuisse.
770 1800 942 1866 Actionem
965 1823 1079 1885 meam,
1102 1805 1141 1865 ut

125 1894 247 1975 proelia
277 1893 372 1975 solet,
401 1913 467 1955 nox
497 1892 633 1955 diremit.
678 1891 818 1977 Egeram
849 1891 938 1954 horis
970 1890 1074 1955 tribus
1108 1894 1140 1955 et

126 1980 271 2064 dimidia,
299 1983 462 2065 supererat
490 1982 685 2063 sesquihora.
721 1979 820 2063 Nam,
849 2001 922 2044 cum
951 2002 968 2045 e
994 1980 1067 2065 lege
1090 2001 1140 2044 ac-

126 2072 254 2133 cusator
277 2089 333 2132 sex
355 2069 461 2151 horas,
482 2091 598 2133 novem
621 2090 694 2133 reus
718 2070 900 2152 accepisset,
918 2069 965 2132 ita
988 2069 1140 2133 diviserat
1154 2095 1180 2133 1ο

126 2161 272 2240 tempora
293 2179 366 2221 reus
389 2158 474 2220 inter
495 2180 547 2221 me
570 2161 603 2222 et
626 2181 709 2241 eum,
728 2159 784 2241 qui
805 2158 948 2222 dicturus
967 2160 1042 2241 post
1061 2162 1139 2240 erat,

73 2263 107 2311 10
126 2249 163 2309 ut
186 2268 246 2332 ego
270 2247 411 2329 quinque
434 2245 531 2330 horis,
552 2248 606 2310 ille
630 2247 762 2330 reliquis
780 2250 932 2310 uteretur.
969 2246 1051 2310 Mihi
1070 2268 1164 2312 suc.

127 2357 233 2400 cessus
257 2336 393 2400 actionis
417 2336 581 2400 silentium
604 2336 765 2418 finemque
789 2336 950 2419 suadebat.
992 2334 1139 2400 Temera-

126 2426 210 2489 rium
234 2429 283 2489 est
306 2426 391 2489 enim
415 2425 561 2489 secundis
583 2446 650 2488 non
673 2445 740 2488 esse
764 2429 960 2489 contentum.
1001 2422 1054 2487 Ad
1076 2424 1140 2489 hoc

126 2514 267 2597 verebar,
289 2537 329 2578 ne
352 2536 403 2578 me
423 2514 565 2597 corporis
584 2514 667 2577 vires
686 2514 801 2577 iterato
820 2514 930 2578 labore
949 2514 1139 2598 desererent,
1155 2538 1180 2577 25

75 2618 106 2666 11
127 2624 223 2684 quem
242 2603 405 2668 difficilius
424 2606 473 2666 est
490 2606 633 2687 repetere
652 2625 749 2685 quam
768 2603 907 2688 iungere.
943 2601 1023 2666 Erat
1042 2604 1139 2667 etiam

126 2693 314 2776 periculum,
336 2714 377 2756 ne
399 2692 523 2774 reliqua
547 2692 630 2755 actio
653 2713 725 2754 mea
749 2695 781 2755 et
807 2692 910 2777 frigus
934 2695 971 2754 ut
994 2692 1141 2775 deposita

128 2783 160 2842 et
177 2781 318 2844 taedium
336 2785 374 2845 ut
391 2784 556 2866 resumpta
568 2784 739 2864 pateretur.
771 2779 818 2844 Ut
832 2781 917 2845 enim
931 2780 1017 2844 faces
1031 2782 1141 2865 ignem

129 2867 261 2931 adsidua
291 2871 498 2934 concussione
533 2870 731 2953 custodiunt,
764 2869 931 2934 dimissum
965 2870 1141 2955 aegerrime

126 2960 285 3041 reparant,
308 2959 354 3022 sic
373 2962 404 3022 et
423 2958 558 3022 dicentis
577 2960 664 3022 calor
682 2962 714 3022 et
733 2959 892 3022 audientis
911 2959 1048 3022 intentio
1068 2979 1142 3022 oon·
1156 2983 1182 3023 10

127 3046 306 3110 tinuatione
330 3051 483 3130 servatur,
510 3046 746 3130 intercapedine
775 3050 807 3110 et
835 3048 927 3130 quasi
953 3048 1142 3112 remissione

76 3150 108 3199 12
127 3136 314 3219 languescit.
361 3134 423 3199 Sed
445 3135 564 3200 Bassus
591 3137 703 3200 multis
726 3136 889 3220 precibus,
915 3158 1016 3219 paene
1044 3138 1141 3200 etiam

129 3224 269 3287 lacrimis
300 3223 500 3309 obsecrabat,
530 3227 696 3309 implerem
726 3247 834 3288 meum
864 3228 1000 3309 tempus.
1045 3224 1143 3288 Parui

128 3313 367 3395 utilitatemque
390 3314 458 3378 eius
481 3316 620 3398 praetuli
644 3336 742 3377 meae.
788 3312 875 3378 Bene
899 3315 1007 3398 cessit3
1034 3315 1143 3378 inveni

200 3458 216 3504 4
236 3468 268 3506 ac
287 3454 354 3519 Da,
368 3452 455 3518 ΚΠ,
474 3456 504 3506 et
523 3456 561 3508 M
569 3455 642 3522 Vpr,
657 3454 726 3519 KJ,
746 3455 795 3506 aut
809 3454 845 3506 F.
869 3453 956 3522 Adp.
967 3457 1064 3508 4123.

130 3530 162 3577 13
185 3523 343 3651 iugullprem
361 3525 551 3594 FRiccpra,
573 3525 633 3580 Otto
646 3529 710 3590 299,
729 3523 886 3594 iugulasset
900 3526 938 3579 D.
1017 3529 1051 3578 25
1075 3524 1142 3578 defi·

129 3611 212 3649 ceren
274 3614 324 3664 pr.
