2506 3862
64 164 69 177 '
143 188 208 252 104
577 188 604 243 o.
624 187 723 242 mnu

142 355 280 417 aetatem
303 374 408 416 meam
431 356 487 416 aut
511 373 635 436 corpus,
659 375 739 436 quae
761 352 917 436 paulatim
944 352 1094 416 occidunt
1118 373 1155 417 ac

107 445 324 524 ssenescunt,
352 441 408 506 sed
435 443 572 526 gloriam
601 441 715 527 diligit.
761 440 830 505 Nec
857 441 945 505 aliud
973 441 1064 505 decet
1088 443 1154 506 tuis

142 530 291 595 manibus
323 531 504 614 educatam,
538 531 603 595 tuis
634 531 812 614 praeceptis
843 531 1039 615 institutam,
1072 552 1154 614 quae

141 619 224 683 nihil
250 620 286 684 in
313 620 522 684 contubernio
550 624 607 684 tuo
634 620 751 684 viderit
781 620 844 684 nisi
879 623 1024 685 sanctum
1056 619 1155 684 hone-

142 712 300 793 stumque,
320 731 401 792 quae
420 708 557 792 denique
578 731 684 774 amare
707 730 817 772 mccx
839 712 895 773 tua
917 709 1154 792 praedicatione
1182 734 1195 775 o

108 799 350 863 lconsueverit.
395 791 491 881 Nam,
519 818 592 862 cum
619 801 754 863 matrem
782 820 886 862 meam
914 799 1055 881 parentis
1080 800 1153 863 loco

141 887 304 970 verereris,
326 909 378 950 me
401 909 420 951 a
442 887 579 971 pueritia
599 888 708 952 statim
730 887 878 970 formare,
895 887 1025 951 laudare
1043 889 1155 952 talem-

142 998 214 1060 que,
237 975 342 1059 qualis
364 996 450 1040 nunc
475 977 569 1040 uxori
596 998 685 1041 meae
707 976 827 1060 videor,
855 977 991 1040 ominau'
1019 977 1154 1042 solebas.

106 1063 296 1131 cOertatim
327 1086 403 1150 ergo
433 1065 494 1129 tibi
524 1066 644 1150 gratias
673 1066 813 1151 agimus,
842 1086 916 1151 ego,
946 1065 1032 1148 quod
1064 1066 1154 1131 illam

141 1154 231 1237 mihi,
254 1155 319 1236 illa,
343 1153 429 1237 quod
452 1177 503 1219 me
527 1156 589 1219 sibi
613 1155 749 1238 dederis,
773 1155 865 1238 quasi
887 1154 1025 1218 invicem
1050 1157 1152 1241 elege—
1169 1181 1196 1221 ro

140 1243 194 1308 ris.
231 1242 319 1307 Vale.

618 1356 681 1414 XX.

336 1455 365 1502 c,
388 1456 527 1504 PLINIUS
550 1456 659 1504 nomo
684 1457 821 1522 1111111110
847 1456 912 1503 suo
937 1457 963 1504 S.

107 1563 121 1610 1
210 1543 295 1621 Quid
318 1548 470 1611 senserim
494 1547 533 1610 de
559 1547 694 1631 singulis
723 1547 788 1610 tuis
816 1546 920 1629 libris,
947 1550 1061 1611 notum
1084 1547 1155 1630 tibi,

142 1638 179 1698 ut
207 1657 367 1719 quemque
395 1638 607 1721 perlegeram,
635 1635 711 1720 feci3
741 1636 848 1719 accipe
878 1656 976 1719 nunc,
1007 1636 1085 1720 quid
1115 1636 1155 1700 de
1169 1661 1195 1702 1⁵

107 1725 301 1790 anniversis
337 1727 528 1810 generaliter
558 1725 705 1790 iudicem.
760 1725 820 1790 Est
857 1747 937 1808 opus
974 1724 1155 1809 pulchrum,

142 1815 296 1898 validum,
319 1837 400 1900 acre,
424 1816 573 1898 sublime,
596 1816 733 1898 varium,
757 1816 898 1900 elegans,
921 1837 1051 1897 purum,
1074 1815 1155 1898 figu-

141 1909 258 1986 ratum,
283 1906 462 1988 spatiosum
486 1905 582 1968 etiam
606 1908 733 1969 etcum
761 1925 877 1989 magna
900 1907 956 1967 tua
978 1903 1072 1967 laude
1096 1903 1155 1966 dif-

141 1992 260 2074 fusum,
282 1995 317 2057 in
342 2015 406 2077 quo
429 1998 466 2057 tu
489 1993 610 2079 ingenii
635 1994 731 2057 simul
754 1993 937 2075 dolorisque
960 1993 1039 2056 velis
1067 1993 1156 2056 latis-

143 2082 223 2146 sime
241 2086 350 2147 vectus
370 2104 417 2166 es,
436 2087 468 2146 et
485 2082 601 2145 horum
620 2087 792 2165 utrumque
810 2082 948 2145 invicem
967 2082 1152 2146 adiumento
1168 2109 1195 2147 ao

108 2169 214 2234 afuit.
259 2170 344 2236 Nam
368 2171 471 2236 dolori
497 2171 726 2236 sublimitatem
755 2175 787 2234 et
809 2171 1081 2255 magnificentiam
1105 2171 1153 2234 in-

143 2260 288 2413 perpium,
316 2261 446 2346 ingenio
473 2260 539 2324 vim
568 2263 600 2323 et
631 2259 876 2323 amaritudinem
905 2260 997 2324 dolor
1024 2259 1155 2323 addidit.

176 2372 194 2412 a
208 2371 232 2413 e.

611 2460 689 2518 XXI.

339 2562 368 2609 c.
391 2561 529 2608 numus
553 2560 660 2609 vumo
685 2560 824 2608 cusum
848 2560 912 2608 suo
937 2559 963 2608 s.
1170 2570 1196 2611 aa

109 2668 124 2716 1
233 2651 371 2716 Tristem
395 2654 427 2714 et
450 2651 600 2715 acerbum
620 2672 728 2716 casum
749 2650 972 2714 Helvidiarum
996 2652 1155 2715 sororum!

109 2757 124 2804 2
144 2738 289 2823 Utraque
313 2763 331 2803 a
354 2743 457 2824 partu,
481 2743 616 2824 utraque
638 2740 738 2805 filiam
762 2741 856 2804 enixa
879 2740 1022 2815 decessit.
1068 2737 1156 2802 Adfi-

94 2902 96 2906 ,
145 2829 213 2892 cior
235 2828 345 2892 dolore
367 2850 426 2893 nec
449 2832 557 2893 tamen
585 2851 681 2913 supra
708 2829 840 2893 modum
868 2828 974 2914 dole03
1001 2829 1047 2892 ita
1073 2828 1156 2892 mihi

144 2918 328 2982 luctuosum
351 2917 487 3001 videtur,
506 2918 592 3001 quod
614 2920 737 3002 puellas
755 2918 998 2991 honestissimas
1020 2918 1055 2980 in
1076 2917 1156 2981 flore

144 3007 249 3090 primo
268 3006 447 3071 fecunditas
466 3007 609 3072 abstulit.
638 3005 752 3093 Angor
769 3008 942 3071 infantium
962 3009 1055 3088 sorte,
1074 3028 1155 3088 quae
1169 3033 1196 3073 ao

146 3098 221 3160 sunt
252 3095 438 3178 parentibus
471 3097 594 3179 statim,
626 3100 659 3160 et
691 3096 767 3159 dum
799 3099 986 3178 nascuntur,
1017 3095 1156 3179 orbatae,

145 3205 247 3270 angor
265 3184 460 3268 optimorum
479 3186 677 3267 maritorum,
691 3206 793 3271 angor
811 3185 907 3248 etiam
926 3206 998 3248 meo
1017 3185 1155 3248 nomine.

110 3270 230 3338 tNam
252 3276 376 3357 patrem
400 3274 528 3338 illarum
552 3274 737 3338 defunctum
762 3295 889 3357 quoque
912 3274 1156 3356 perseverantis-

145 3363 225 3428 sime
254 3362 368 3448 diligo,
399 3368 436 3426 ut
467 3363 592 3428 actione
624 3385 695 3426 mea
726 3363 881 3446 librisque
911 3366 1064 3427 testatum
1094 3366 1156 3446 est3

218 3579 252 3628 20
271 3575 300 3628 et
319 3575 459 3642 RFpra,
477 3589 528 3627 orn.
546 3574 603 3627 rell.
