2506 3862
162 213 226 276 302
597 210 624 265 C.
643 211 742 266 PLINI

162 377 278 441 abeant
301 397 338 440 ac
356 376 506 440 recedant
524 397 618 440 voces
636 376 720 458 illae,
738 397 818 459 quas
837 379 942 440 metus
961 375 1176 459 exprimebat,

161 467 243 529 nihil
266 466 360 549 quale
383 469 458 529 ante
481 465 637 549 dicamus;
663 464 746 528 nihil
769 465 854 528 enim
882 465 976 548 quale
1004 467 1098 528 antea
1119 488 1175 548 pa-

161 557 273 639 timur,
296 575 355 619 neo
377 554 486 619 eadem
511 554 549 618 de
567 554 711 638 principe
721 563 811 638 lquae
831 555 920 638 prius
939 553 1175 638 praedicemus3

126 659 141 706 3
160 667 264 727 neque
288 645 372 708 enim
396 644 506 708 eadem
529 665 610 726 quae
633 645 722 726 prius
745 647 867 708 secreto
889 644 1061 726 loquimur.
1101 641 1175 707 Dis-

161 737 309 797 cernatur
339 733 536 797 orationibus
569 733 688 799 nostris
721 732 889 796 diversitas
916 735 1112 815 temporum,
1143 736 1175 796 61
1203 757 1215 798 6

160 845 199 886 61
222 824 293 906 1666
317 843 432 907 genere
455 823 630 906 gratiarum
653 822 847 907 agendarum
871 821 1090 905 intellegatur,
1113 823 1175 904 cui,

161 911 287 995 quando
326 913 390 975 sint
420 915 517 975 66166.
566 909 735 994 Nusquam
767 914 805 974 ut
837 909 910 994 deo,
945 931 1105 992 nusquam
1137 914 1175 974 ut

159 1001 285 1064 numini
308 1000 522 1083 blandiamur,
545 1021 612 1064 non
630 1001 716 1063 enim
735 1000 775 1064 de
792 1003 939 1082 tyranno,
962 999 1017 1062 sed
1037 998 1076 1062 de
1095 1000 1174 1082 6116,

88 1083 104 1128 ⁵
123 1106 140 1152 4
159 1111 225 1154 666
248 1091 286 1153 de
310 1088 448 1173 domino,
472 1088 528 1154 sed
551 1089 590 1154 de
612 1092 744 1172 6616616
762 1090 932 1172 loquimur.
964 1087 1010 1176 Et
1027 1087 1090 1151 hoc
1108 1111 1174 1152 616-

160 1181 209 1264 gis
233 1179 361 1243 excellit
383 1182 479 1261 atque
502 1180 629 1261 6611661,
653 1179 739 1261 quod
762 1201 862 1242 unum
886 1179 940 1241 ille
964 1199 997 1240 66
1020 1199 1059 1240 61
1078 1178 1173 1243 nobis
1188 1203 1213 1242 16

158 1271 332 1351 66161666
355 1269 461 1331 1111666
484 1268 648 1332 hominem
672 1289 740 1331 esse
764 1289 861 1350 quam
879 1265 1065 1331 hominibus
1084 1289 1174 1350 prae-

123 1373 139 1420 5
160 1377 228 1420 6666
251 1357 406 1421 meminit.
450 1355 680 1442 Intellegamus
703 1378 781 1442 ergo
804 1357 889 1420 bona
911 1359 1021 1419 666116
1045 1355 1174 1439 dignos·

160 1467 221 1528 que
243 1467 303 1509 nos
322 1446 387 1510 illis
405 1468 467 1511 usu
484 1447 657 1530 probemus
676 1449 773 1529 atque
791 1445 964 1508 identidem
984 1445 1191 1528 cogitemus:

145 1536 524 1622 666111-611161166611,
555 1537 582 1599 61
610 1536 715 1599 maius
742 1535 941 1618 principibus
970 1536 1169 1618 praestemus

158 1624 364 1707 obsequium,
397 1625 453 1708 qui
481 1625 634 1688 servitute
666 1624 784 1688 civium
815 1646 912 1706 quam
940 1623 996 1705 qui
1021 1623 1211 1688 libertatem

119 1713 325 1777 6166166161.
357 1713 403 1777 Et
419 1714 558 1798 populus
582 1714 711 1797 quidem
729 1711 894 1776 Romanus
914 1711 1066 1776 dilectum
1085 1714 1172 1796 prin-

158 1803 265 1885 cipum
285 1807 399 1886 servat,
419 1805 604 1886 quantoque
617 1804 714 1886 paulo
729 1805 803 1865 6616
817 1804 974 1865 6611661116
991 1801 1171 1866 formosum

157 1893 265 1973 alium,
287 1891 374 1955 hunc
396 1892 608 1956 fortissimum
623 1894 783 1975 personat,
802 1891 983 1974 quibusque
996 1890 1169 1972 aliquando

158 1980 351 2045 clamoribus
374 1983 501 2065 gestum
524 1982 656 2045 61161166
681 1985 714 2044 61
740 2001 862 2063 166661,
889 1980 985 2043 huius
1007 1980 1170 2062 pietatem,

123 2069 399 2154 substinentiam,
421 2071 697 2134 mansuetudinem
719 2069 837 2134 laudat.
884 2066 990 2144 Quid?
1025 2089 1085 2132 666
1108 2070 1211 2152 166116

157 2156 358 2222 divinitatem
387 2159 541 2242 principis
573 2160 677 2224 nostri
706 2181 747 2222 66
773 2158 1020 2240 humanitatem,
1050 2160 1170 2242 tempe-

155 2245 302 2330 rantiam,
319 2248 517 2332 facilitatem,
532 2252 569 2311 ut
585 2269 675 2312 amor
693 2251 725 2311 61
743 2247 896 2332 gaudium
910 2247 995 2331 tulit,
1010 2246 1169 2311 celebrare

156 2337 297 2400 universi
325 2337 485 2401 solemus?
524 2335 593 2400 Iam
622 2337 699 2420 quid
726 2341 792 2400 1616
821 2337 924 2418 civile,
949 2338 1017 2400 1661
1032 2340 1169 2401 senato-

126 2427 240 2489 >rium
265 2447 361 2508 quam
383 2425 465 2490 illud
487 2427 631 2490 additum
655 2427 785 2490 anobis
801 2423 947 2508 ‘Optimi'
967 2425 1168 2509 cognomen?

157 2514 243 2598 quod
264 2516 425 2599 peculiare
447 2516 543 2579 huius
573 2518 605 2579 61
628 2516 794 2599 proprium
818 2515 1001 2598 arrogantia
1023 2515 1168 2597 priorum
1182 2537 1208 2577 16

120 2619 136 2666 8
155 2605 337 2688 6116616661
359 2604 444 2668 fecit.
490 2604 663 2668 Enimvero
688 2626 784 2686 quam
808 2624 985 2687 commune,
1009 2625 1106 2686 quam
1129 2626 1169 2668 61

155 2715 266 2778 aequo,
290 2693 377 2777 quod
398 2694 508 2758 felices
530 2715 599 2777 nos,
621 2693 747 2758 felicem
771 2694 863 2757 illum
881 2691 1102 2775 praedicamus
1124 2693 1169 2757 al-

155 2783 317 2865 ternisque
348 2784 433 2847 16116
464 2781 564 2846 Ἥ666
590 2782 701 2865 faciat,
723 2782 803 2845 haec
830 2780 951 2845 audiat'
983 2781 1075 2864 quasi
1101 2802 1168 2845 non

156 2870 281 2954 dicturi,
304 2873 367 2936 6161
389 2871 509 2954 fecerit,
532 2871 785 2955 conprecamur'!
816 2869 868 2934 Ad
891 2891 971 2953 quas
992 2871 1049 2934 ille
1071 2891 1166 2935 voces

155 2959 295 3024 lacrimis
319 2960 415 3025 611616
438 2981 476 3024 66
498 2961 602 3025 616116
625 2961 747 3045 661616
770 2959 972 3024 suffunditur.
1008 2957 1208 3044 Agnoscitso

155 3048 240 3112 enim
265 3050 424 3133 sentitque
449 3049 520 3132 sibi,
542 3071 608 3113 non
631 3049 770 3133 principi
793 3049 864 3113 dici.

226 3241 409 3311 bloquimur.
441 3242 478 3297 Et
491 3243 518 3295 h.
534 3262 569 3296 m.
586 3259 642 3296 616.
659 3258 682 3296 a.
699 3259 761 3310 em,
780 3242 856 3311 quod
873 3258 960 3294 unum
977 3240 1027 3294 ille
1046 3257 1076 3294 se
1090 3255 1124 3294 ex
1137 3259 1164 3294 n.

155 3314 311 3380 Reiffersclr.
326 3331 394 3369 mus.
410 3315 497 3369 Rhea.
506 3315 586 3369 XVI
592 3319 627 3369 17
635 3318 693 3369 a2
710 3313 890 3382 6161616661
908 3312 1013 3367 eminet
1026 3311 1076 3365 ille
1090 3311 1166 3380 quod

153 3402 240 3437 unum
250 3400 280 3438 se
289 3385 401 3451 Barba,
409 3384 557 3454 loquimur.
577 3385 670 3439 Unum
679 3384 728 3439 ille
738 3401 768 3439 se
778 3401 811 3439 ex
820 3383 910 3450 nobis,
922 3385 952 3438 61
960 3383 1013 3438 hoo
1021 3401 1059 3438 16.
1070 3399 1128 3438 cxc.
1139 3398 1163 3436 a.

140 3469 201 3520 em„
220 3456 301 3524 quod
309 3474 399 3512 unum
409 3473 443 3512 61
451 3455 535 3512 nobis
544 3457 618 3530 6116.
673 3461 706 3511 11
720 3472 780 3510 esse
790 3456 901 3522 Baehr,
911 3472 940 3509 se
949 3456 1031 3526 61116,
1041 3453 1165 3508 essese?
1222 3466 1227 3497 1

124 3528 164 3575 11
188 3542 279 3592 ruam
300 3530 519 3605 6666161661
541 3531 671 3605 capra,
691 3525 1166 3602 a19.,n.1,nuu.,eanrr.
1221 3502 1225 3563 1

109 3595 153 3643 22
169 3596 282 3656 celebr.
303 3604 387 3663 univ.
410 3609 522 3667 Baebr.
544 3625 583 3666 66
600 3597 960 3676 61116,6611.61661”16616
975 3595 1017 3647 R.
1032 3609 1066 3645 66
1082 3607 1131 3643 666
1149 3594 1185 3642 A.
1221 3566 1249 3667 1
