2506 3862
141 218 207 282 244
433 254 436 259 -
577 215 605 270 Ο.
625 217 722 270 PLINI

106 400 122 448 a
141 387 250 447 tamen
269 381 392 446 diversa
411 381 533 445 dixisti!
551 379 694 444 Laudem
712 381 832 464 pariter
850 385 882 445 et
900 382 1019 467 gratias
1038 381 1156 467 agam?

141 470 300 535 Neutrum
324 471 400 535 satis
423 491 554 554 possum
578 473 610 533 et
616 520 625 554 ,
656 471 682 534 si
705 491 842 554 possem,
864 471 1020 555 timerem,
1043 493 1083 535 ne
1106 494 1157 534 ar·

140 581 258 646 rogans
281 564 364 624 esset
388 559 428 624 ob
453 582 489 623 ea
510 559 656 643 laudare,
689 559 730 623 ob
759 581 840 642 quae
868 560 987 645 gratias
1016 581 1155 645 agerem.

140 647 251 714 Unum
270 649 349 713 illud
368 648 491 732 addam,
511 649 618 712 omnia
637 648 717 713 mihi
735 651 825 712 tanto
844 649 1056 713 laudabiliora
1076 650 1156 733 visa,

142 742 262 822 quanto
285 737 481 890 iucundioga,
505 741 573 801 ett
574 742 649 802 o
672 737 874 822 iucundiora,
896 743 1016 821 quanto
1046 739 1157 803 lauda·
1184 767 1197 808 ι

142 827 258 892 biliora
281 831 371 891 erant
457 828 514 890 ale.

589 991 709 1049 XXXII.

401 1091 428 1139 o
452 1091 589 1139 Ριιιιιιιι
615 1092 757 1141 ommno
782 1091 898 1141 suos.

211 1180 294 1258 Quid
322 1181 412 1267 agis‘?
440 1181 517 1263 quid
545 1185 596 1246 act
597 1203 673 1245 urus
707 1183 762 1246 es?
806 1179 879 1265 Ipse
911 1183 1011 1246 vitam
1044 1182 1157 1246 iucun-

101 1324 104 1330 .
143 1271 321 1353 dissimam,
357 1270 390 1334 id
427 1273 476 1334 est
512 1270 753 1354 iotosissimam,
785 1272 868 1335 vivo.
924 1270 1068 1348 Quofit
1118 1275 1197 1340 utro

143 1360 281 1424 scribere
303 1359 465 1445 longiores
490 1360 642 1442 epistulas
667 1360 782 1443 nolim,
810 1361 907 1424 velim
929 1359 1050 1446 legere,
1073 1321 1156 1424 illud

142 1453 307 1531 tamquam
340 1448 456 1512 delicat
442 1451 504 1531 tus,
535 1448 597 1512 hoc
625 1411 789 1531 tamquani
818 1451 949 1514 otiosus.
985 1448 1156 1514 Nihilt
1105 1453 1156 1514 est

144 1539 229 1602 enirn
253 1541 309 1602 aut
331 1538 454 1622 pigrius
479 1536 623 1601 delicatis
646 1540 703 1601 aut
726 1538 882 1603 curiosius
906 1540 1027 1603 otiosis.
1064 1537 1154 1602 Vale.

581 1702 717 1761 XXXIII.

401 1803 429 1851 o.
453 1803 592 1851 annuus
617 1803 758 1852 amnuo
784 1803 849 1852 suo
874 1804 899 1853 s.
1170 1817 1196 1856 ιι

112 1910 125 1958 1
212 1890 317 1957 Incidi
344 1894 378 1956 in
405 1894 571 1957 materiam
599 1916 720 1976 veram,
749 1894 804 1958 sed
832 1894 1028 1958 simillimam
1060 1894 1155 1958 fictae

145 1982 337 2066 dignamque
361 1983 424 2046 isto
446 1983 637 2066 laetissimo,
665 1984 821 2047 altissimo
845 1984 1003 2068 planeque
1026 1983 1154 2066 poetico

144 2071 283 2155 ingenio,
301 2071 399 2134 incidi
420 2076 536 2154 autem,
555 2072 631 2135 dum
650 2094 745 2155 super
766 2094 876 2136 cenam
895 2073 982 2136 varia
1001 2073 1156 2136 miracula

144 2158 220 2223 hinc
246 2160 320 2223 inde
349 2160 537 2224 referuntur.
583 2160 702 2246 Magna
729 2162 852 2224 auctori
879 2161 966 2225 fides.
1013 2160 1155 2225 Tametsi

145 2248 222 2331 quid
247 2253 360 2332 poetae
383 2270 457 2312 cum
479 2249 562 2312 fide?
598 2247 629 2312 ls
653 2253 761 2313 tamen
783 2254 905 2333 auctor,
929 2251 980 2314 oui
1002 2251 1083 2314 bene
1101 2252 1155 2314 vel
1168 2278 1196 2318 ιο

110 2353 125 2400 ι
144 2337 312 2402 historiam
336 2338 511 2421 scripturus
532 2336 724 2402 credidisses.
761 2337 822 2402 Est
844 2339 878 2402 in
901 2338 1011 2403 Africa
1029 2338 1153 2424 Hippo·

144 2426 251 2490 nensis
276 2426 401 2491 colonia
423 2427 504 2490 mari
530 2426 685 2509 proxima.
722 2424 856 2491 Adiacet
883 2428 1064 2513 navigabile
1093 2432 1155 2491 sta-

145 2537 253 2601 gnum,
285 2514 337 2578 Ex
354 2515 417 2579 hoo
435 2516 469 2578 in
487 2515 619 2579 modum
637 2515 778 2580 fluminis
798 2517 991 2581 aestuarium
1011 2517 1155 2602 emergit,

146 2605 231 2688 quod
258 2605 327 2669 vioe
355 2605 489 2688 alterna,
515 2608 611 2686 prout
637 2609 741 2668 aestus
766 2609 821 2668 aut
846 2607 996 2689 repressit
1019 2608 1074 2670 aut
1096 2607 1155 2669 im-

111 2711 126 2758 3
145 2695 237 2776 pulit,
255 2715 341 2758 nunc
358 2694 495 2757 infertur
512 2693 602 2776 mari,
620 2715 705 2757 nunc
723 2694 866 2758 redditur
885 2699 1007 2780 stagno.
1041 2693 1154 2758 Omnis
1168 2721 1196 2762 ιι

145 2781 199 2853 hio
217 2785 303 2846 aetas
321 2783 475 2865 piscandi,
488 2782 659 2866 navigandi
677 2786 773 2865 atque
792 2783 888 2847 etiam
902 2785 1033 2848 natandi
1048 2783 1153 2848 studio

146 2872 281 2952 tenetur,
304 2872 442 2935 maxime
465 2871 565 2954 pueri,
586 2892 666 2954 quos
691 2873 792 2935 otium
815 2873 968 2955 lususque
993 2873 1153 2937 sollicitat.

146 2957 206 3021 His
230 2960 343 3043 gloria
377 2963 409 3023 et
442 2960 544 3023 virtus
574 2961 727 3025 altissime
759 2961 900 3046 provehi.
946 2960 1060 3026 Victor
1090 2962 1155 3045 ille,

148 3047 203 3129 qui
234 3047 422 3132 longissime
453 3052 490 3112 ut
520 3049 597 3112 litus
632 3050 677 3113 ita
710 3050 806 3114 simul
837 3074 878 3114 na
879 3054 982 3114 tantes
1015 3051 1153 3134 reliquit.

111 3152 128 3199 4
146 3134 219 3199 Hoc
242 3137 413 3201 certamine
436 3160 515 3221 puer
537 3138 667 3221 quidam
691 3139 858 3203 audentior
880 3140 992 3203 ceteris
1018 3141 1052 3203 in
1074 3141 1154 3204 ult-e
1168 3167 1196 3208 ιι

146 3225 268 3288 riorat
254 3226 411 3290 ttendeba
390 3226 627 3310 tDelphinus
649 3229 787 3291 occurrit
810 3231 950 3293 etnunc
967 3229 1154 3312 praecedere

146 3337 290 3398 puerum,
312 3337 398 3380 nunc
421 3317 519 3400 sequi,
542 3338 627 3380 nuno
651 3317 826 3400 circumire,
852 3322 1014 3400 postremo
1039 3318 1154 3401 subire,

145 3404 352 3488 deponere,
344 3408 460 3469 rterum
487 3405 638 3469 subiret
624 3405 784 3489 trepidant
785 3427 899 3488 emque
926 3407 1064 3490 perferre
1091 3407 1154 3491 pri-

127 3524 351 3538 κ...-

180 3597 221 3645 22
237 3596 315 3652 adio,
340 3601 371 3658 ei
388 3622 417 3660 a.
