2506 3862
143 221 209 285 290
458 220 486 277 o.
506 220 667 276 rmum
686 220 838 276 rernm

520 389 625 449 rom.
649 386 782 470 [nerva

484 492 656 539 TRAIANUS
679 490 810 540 PLINIO.

208 580 389 664 Amisenos,
408 603 544 665 quorum
563 582 709 646 libellum
728 583 885 666 epistulae
903 586 979 646 tuae
996 582 1162 662 iunxeras,

142 668 169 734 si
192 669 318 755 legibus
345 671 500 754 ipsorum,
523 670 640 753 quibus
663 671 818 735 beneficio
843 671 982 735 foederis
1008 673 1162 752 utuntur,

141 779 327 823 oonoessum
356 763 405 824 est
427 781 559 824 eranum
582 760 714 842 hebere,
740 782 926 844 possumus,
955 780 1020 844 quo
1047 759 1161 824 minus
1189 785 1203 825 s

140 848 293 931 habeant,
324 870 391 912 non
412 848 581 932 impedire,
610 871 648 913 eo
671 850 811 932 facilius,
843 850 870 914 si
897 850 956 913 tali
983 849 1162 912 collatione

139 957 206 1000 non
229 936 269 1000 ad
291 937 403 1001 turbas
426 941 459 1001 et
482 936 522 1000 ad
543 937 686 1003 inlicitos
709 942 834 1020 noetus,
856 937 913 1003 sed
935 938 976 1002 ad
996 938 1162 1002 sustinen-

140 1025 214 1089 dam
232 1027 415 1090 tenuiorum
435 1027 577 1109 inopiam
596 1030 740 1091 utuntur.
769 1026 808 1091 ln
827 1028 940 1092 ceteris
959 1027 1161 1108 oimtatibus,

140 1136 222 1197 quae
243 1118 356 1178 nostro
379 1116 449 1179 iure
470 1115 645 1180 obstrictae
667 1119 756 1200 sunt,
778 1138 830 1181 res
853 1115 1059 1180 huiusmodi
1082 1137 1161 1199 pro·

139 1203 277 1267 hibenda
301 1207 358 1268 est
1174 1231 1200 1270 ιο

523 1315 626 1374 ron<
651 1311 770 1394 [xor]

338 1416 366 1463 e.
390 1416 529 1463 Pnrsu's
554 1417 707 1463 anniso
730 1418 956 1463 munirem.

104 1522 117 1568 1
206 1502 396 1569 Suetonium
420 1504 657 1589 Tranquillum,
690 1507 936 1590 probissimum,
966 1505 1160 1572 honestissi-

138 1615 245 1676 mum,
272 1594 523 1659 eruditissimum
546 1594 665 1678 rirum,
693 1599 725 1659 et
748 1618 854 1660 mores
876 1597 945 1660 eins
968 1598 1099 1661 secutus
1124 1600 1160 1660 et

138 1683 245 1746 studia
267 1683 331 1746 iam
350 1683 485 1767 pridem,
508 1684 645 1765 domine,
667 1684 702 1746 in
720 1685 968 1748 contubernium
987 1684 1159 1769 adsumpsi
1174 1711 1199 1752 rs

136 1775 293 1855 tantoque
324 1773 428 1857 magis
458 1772 591 1857 diligere
623 1773 728 1856 coepi,
760 1778 880 1857 quanto
910 1794 997 1837 nuno
1017 1775 1159 1858 propius

101 1860 272 1943 ainspexi.
307 1860 394 1924 Hnio
411 1863 462 1925 ius
480 1863 578 1924 trium
601 1862 777 1926 liberorum
795 1863 1009 1927 necessarium
1027 1862 1160 1926 faciunt

137 1949 219 2012 duae
241 1970 368 2033 oausae3
397 1973 472 2013 nam
500 1953 533 2014 et
556 1950 673 2014 iudicia
696 1952 873 2015 amicornm
896 1954 1100 2035 promeretur
1125 1957 1161 2017 et

134 2059 249 2119 parum
273 2037 351 2101 felix
378 2039 620 2102 matrimonium
647 2044 798 2123 expertus
825 2044 876 2104 est
901 2040 1161 2124 impetrandum·

136 2147 199 2208 que
222 2149 240 2189 a
264 2127 409 2191 bonitate
430 2131 487 2191 tua
510 2150 567 2211 per
589 2150 649 2192 nos
671 2129 783 2211 habet,
810 2128 898 2212 quod
924 2130 974 2193 illi
1002 2129 1161 2196 fortunae
1174 2157 1201 2197 so

100 2232 117 2279 3
136 2216 322 2300 malignitas
335 2216 513 2301 denegavit
537 2214 622 2299 Scio,
635 2217 773 2300 domine,
787 2222 944 2301 quantum
958 2216 1160 2283 beneficium

134 2308 253 2387 petam,
275 2304 331 2368 sed
354 2308 430 2388 peto
453 2328 471 2368 a
490 2309 533 2387 te,
555 2307 646 2370 euius
664 2308 699 2369 in
717 2308 867 2371 omnibus
886 2308 1053 2372 desideriis
1071 2310 1160 2374 meis

135 2393 369 2478 indulgentiam
396 2393 551 2477 experior.
596 2393 693 2459 Potes
716 2396 802 2459 enim
831 2397 996 2481 colligere,
1028 2402 1159 2480 quanto

134 2503 231 2564 opere
249 2483 387 2565 cupiam,
405 2483 490 2565 quod
509 2504 575 2545 non
592 2505 739 2567 rogarem
757 2485 882 2565 absens,
900 2486 928 2549 si
946 2485 1160 2551 mediocriter

135 2591 291 2654 euperem.
1172 2603 1200 2644 as

522 2682 608 2740 xor.
632 2679 766 2761 [serr]

480 2784 652 2831 railaxrs
675 2785 803 2831 rnrxro.

202 2869 304 2945 Quam
323 2892 418 2954 pareo
439 2871 518 2935 haee
541 2872 695 2936 beneficia
718 2874 867 2944 tribuam.
885 2877 1007 2959 utique,
1025 2878 1073 2941 mi
1099 2877 1159 2944 Se-

135 2957 238 3020 cunde
260 2960 432 3042 carissime,
455 2960 567 3024 haeret
588 2962 661 3029 tibi.
685 2982 757 3025 eum
781 2963 878 3026 etiam
901 2966 937 3027 in
959 2970 1076 3030 senatu
1099 2969 1159 3032 ad-

134 3046 262 3110 firmare
294 3049 412 3111 soleam
445 3071 511 3112 non
540 3051 712 3114 excessisse
743 3074 795 3114 me
831 3075 1016 3137 nnmerum,
1053 3078 1158 3139 quem
1172 3085 1203 3126 se

133 3135 219 3219 apud
238 3136 472 3218 amplissimum
493 3137 637 3201 ordinem
657 3140 866 3204 suffecturum
883 3142 964 3205 milri
983 3143 1158 3226 professus

133 3247 213 3289 surn.
259 3222 330 3286 Tuo
358 3228 465 3290 tamen
495 3226 651 3291 desiderio
682 3228 856 3313 sulrseripsi
884 3234 916 3294 el
942 3230 1070 3297 dedisse
1101 3258 1158 3300 me
1191 3248 1195 3255 '

202 3390 219 3435 4
247 3382 373 3451 ipsorum
399 3382 493 3439 orell..
521 3385 618 3438 Made.
642 3385 704 3438 adr.
717 3387 838 3451 111215,
861 3386 981 3441 istorum
1003 3391 1080 3461 sulp.
1122 3425 1157 3433 —

121 3457 125 3461 '
144 3453 261 3508 ‘aeneio
280 3455 393 3515 Μαάθ..
413 3454 449 3511 de
468 3453 565 3511 officio
584 3456 657 3527 mla.
732 3464 770 3509 t&
784 3457 938 3512 intuitus?
1015 3466 1051 3514 le
1074 3479 1159 3519 nuno

214 3526 387 3599 ll’o'nlerllld
404 3530 500 3587 sebui.
512 3530 579 3587 erit.
595 3534 667 3585 1895
680 3546 710 3599 p.
719 3526 851 3582 'delam
865 3528 1168 3598 rspomXKJI.

248 3602 371 3661 ssr'rnam
393 3604 514 3678 indulg.
536 3624 567 3661 u,
