2506 3862
395 230 653 286 EPISTULARUM
671 231 722 286 vn
742 237 783 301 re,
804 237 845 284 rr.
1064 230 1126 296 181

116 393 219 457 multa
243 397 430 477 commutes,
453 395 480 458 si
504 394 659 477 quosdam
683 416 793 476 novos,
817 394 972 477 quosdam
991 394 1129 478 eosdem,

117 482 173 546 sed
199 486 275 565 post
302 485 430 566 tempus
461 482 623 566 adsumas,
655 503 712 547 cur
740 484 846 547 minus
879 483 1056 566 probabilis
1086 485 1130 548 sit

117 591 213 635 causa
235 571 399 655 recitandi,
422 593 503 654 quae
527 573 657 655 dixeris,
681 594 777 655 quam
800 571 935 636 edendi?
959 569 1022 637 Sed
1044 573 1127 636 djffi·
1165 587 1181 636 6

117 662 178 726 cile
200 664 257 743 est,
280 665 317 725 ut
340 661 452 743 oratio,
476 662 552 725 dum
575 662 736 744 recitatur,
760 661 942 726 satisfaciat.
975 660 1044 725 Iam
1065 660 1128 725 hoc

92 749 157 813 sad
180 748 323 814 laborem
350 751 515 815 recitantis
537 751 690 834 pertinet,
717 771 783 814 non
811 750 851 814 ad
877 750 1034 814 rationem
1062 771 1129 814 non

116 839 280 903 recitandi.
303 837 373 904 Nec
395 860 470 904 vero
495 861 564 924 eg0,
587 839 664 902 dum
686 840 795 922 recito,
818 839 951 922 laudari,
974 839 1030 904 sed
1052 838 1128 902 dum
1167 854 1182 902 7

116 929 216 1013 legor,
239 928 343 1010 cupio.
383 925 497 1012 Itaque
519 929 645 993 nullum
668 927 857 993 emendandi
880 950 981 1014 genus
1004 927 1128 992 omitto.

117 1014 167 1080 Ac
180 1016 331 1100 primum,
349 1038 431 1100 quae
445 1017 567 1100 scripsi,
586 1039 712 1082 mecum
730 1018 800 1100 ipse
817 1020 993 1101 pertracto,
1016 1016 1129 1080 deinde

119 1105 243 1169 duobus
275 1109 330 1170 aut
361 1106 465 1171 tribus
496 1107 584 1192 lego3
616 1128 692 1170 mox
724 1107 795 1170 aliis
825 1106 916 1170 trado
948 1104 1130 1170 adnotanda

78 1218 104 1258 ro
118 1198 275 1277 notasque
298 1216 418 1277 eorum,
441 1195 469 1258 si
491 1196 614 1275 dubito,
637 1217 710 1260 curn
730 1216 794 1259 uno
817 1216 927 1260 rursus
949 1200 1006 1259 aut
1028 1195 1130 1259 altero

118 1284 258 1367 pensito,
290 1284 464 1347 novissime
495 1285 642 1367 pluribus
674 1285 774 1348 recito
811 1305 861 1367 ac,
893 1285 920 1347 si
944 1283 1022 1366 quid
1048 1283 1130 1346 mihi

119 1372 234 1455 credis,
256 1376 335 1437 tunc
359 1372 510 1436 acerrime
533 1374 676 1436 emendo.
721 1371 806 1436 Nam
829 1377 920 1436 tanto
945 1373 1129 1458 diligentius
1166 1386 1182 1434 8

118 1465 238 1544 quanto
267 1461 437 1525 sollicitius
466 1462 606 1526 intendo.
653 1459 782 1545 Optime
810 1465 917 1525 autem
944 1460 1129 1543 reverentia,

117 1551 235 1634 pudor,
264 1554 368 1615 metus
391 1550 548 1634 iudicant3
578 1551 674 1635 idque
698 1551 776 1614 adeo
801 1550 847 1615 sic
872 1550 968 1614 habe:
1005 1548 1130 1632 Nonne,

79 1663 104 1702 15
119 1640 147 1703 si
161 1641 327 1704 locuturus
342 1661 375 1704 es
392 1645 464 1704 cum
479 1640 588 1723 aliquo
608 1639 785 1722 quamlibet
804 1639 907 1722 docto,
929 1660 994 1703 uno
1013 1642 1130 1721 tamen,

118 1729 224 1792 minus
248 1729 472 1812 commoveris,
496 1750 592 1811 quam
617 1729 644 1792 si
668 1750 740 1793 curn
764 1727 874 1792 multis
897 1729 948 1792 vel
970 1726 1130 1792 indoctis?

118 1816 244 1899 Nonne,
266 1839 339 1882 cum
359 1819 463 1903 surgis
482 1818 523 1881 ad
541 1817 708 1902 agendum,
732 1821 810 1882 tunc
827 1817 965 1880 maxime
983 1816 1044 1881 tibi
1062 1816 1130 1898 ipse
1167 1830 1182 1879 9

121 1905 250 1988 diffidis,
272 1910 350 1971 tunc
374 1911 579 1990 commutata,
603 1925 670 1969 non
689 1906 759 1971 dico
778 1907 926 1988 plurima,
949 1905 1004 1969 sed
1023 1905 1131 1969 omnia
1158 1930 1160 1934 ·

121 1993 232 2076 cupis?
256 1994 369 2078 utique
388 1996 415 2059 si
432 1994 529 2060 latior
548 2016 660 2060 scaena
684 2000 716 2060 et
734 2016 852 2060 corona
875 1993 1033 2079 diffusior3
1056 2016 1130 2057 nam

80 2107 105 2146 ao
120 2083 193 2146 illos
217 2104 345 2166 quoque
368 2084 513 2148 sordidos
540 2084 744 2168 pullatosque
771 2106 960 2147 reveremur.
1005 2081 1131 2165 Nonne,
1151 2097 1184 2146 10

120 2173 148 2236 si
171 2173 275 2255 prima
298 2194 442 2257 quaeque
465 2173 631 2256 inprobari
653 2177 764 2256 putas,
796 2171 972 2237 debilitaris
1003 2176 1035 2236 et
1057 2193 1131 2237 oon-

120 2262 221 2327 cidis?
266 2259 403 2345 Opinor,
441 2262 515 2344 quia
546 2263 581 2326 in
612 2284 745 2326 numero
777 2262 848 2345 ipso
886 2265 934 2325 est
970 2260 1130 2344 quoddam

119 2372 273 2435 magnum
307 2351 533 2435 conlatumque
564 2352 752 2433 consilium,
784 2351 964 2433 quibusque
996 2350 1131 2435 singulis

119 2440 230 2503 iudicii
252 2462 376 2523 parurn,
400 2440 549 2503 omnibus
572 2441 756 2524 plurimum.
797 2437 910 2522 ltaque
933 2438 1131 2522 Pomponius
1151 2452 1183 2501 11

80 2552 105 2591 25
122 2526 301 2611 Secundus,
337 2527 390 2593 bic
427 2529 564 2612 scriptor
598 2528 852 2613 tragoediarum,
884 2528 911 2591 si
941 2528 1018 2610 quid
1048 2526 1132 2590 forte

119 2616 308 2681 familiarior
326 2618 447 2682 amicus
465 2617 657 2702 tollendum,
684 2618 753 2700 ipse
775 2616 977 2681 retinendum
1000 2616 1132 2681 arbitra-

120 2710 216 2788 retur,
240 2705 344 2770 dicere
363 2705 502 2771 solebat:
531 2703 594 2769 ‘Ad
613 2707 768 2789 populum
791 2705 944 2789 provoco'
968 2709 1064 2788 atque
1087 2705 1133 2768 ita

121 2818 161 2859 ex
183 2796 297 2878 populi
320 2795 370 2859 vel
394 2796 521 2859 silentio
545 2795 596 2859 vel
619 2795 755 2859 adsensu
778 2799 835 2858 aut
855 2816 944 2858 suam
964 2798 1020 2858 aut
1037 2794 1133 2858 amici

121 2884 312 2948 sententiam
351 2883 550 2967 sequebatur.
584 2883 742 2947 ¹Tantum
779 2884 834 2947 ille
870 2884 990 2967 populo
1028 2882 1132 2947 dabat.

80 2998 105 3036 ao
119 2972 219 3037 Recte
242 2995 285 3036 an
307 2994 407 3056 secus,
429 2971 513 3036 nihil
536 2972 575 3036 ad
599 2995 659 3037 me.
682 2972 755 3058 Ego
779 2972 865 3037 enim
888 2993 953 3036 non
975 2973 1132 3055 populum
1153 2984 1185 3032 12

119 3062 287 3144 advocare,
319 3061 374 3126 sed
407 3065 509 3126 certos
542 3060 723 3145 electosque
754 3062 859 3142 soleo,
892 3082 971 3145 quos
999 3061 1133 3142 intuear,

119 3151 236 3234 quibus
256 3151 391 3234 credam,
415 3172 496 3234 quos
519 3150 656 3233 denique
675 3155 707 3215 et
725 3153 890 3233 tamquam
909 3150 1054 3235 singulos
1078 3147 1132 3213 ob-

120 3262 241 3303 servem
256 3245 288 3304 et
306 3244 471 3323 tamquam
490 3262 557 3304 non
575 3239 719 3324 singulos
740 3240 878 3302 timeam.
919 3237 1019 3320 Nam,
1047 3236 1133 3318 quod
1153 3249 1185 3298 13

118 3327 161 3391 Μ.
177 3326 287 3392 Cicero
303 3329 342 3392 de
359 3328 443 3411 stilo,
460 3350 520 3414 ego
537 3329 576 3392 de
592 3333 682 3392 metu
699 3328 810 3392 sentio,
839 3327 950 3392 Timor
965 3331 1023 3409 est,
1035 3327 1134 3390 timor

190 3472 224 3520 25
243 3467 289 3521 hic
304 3484 354 3520 scr.
370 3469 442 3538 trag.
457 3468 508 3522 del.
523 3468 590 3524 Birt
603 3484 674 3523 raas.
690 3468 955 3524 Elualss'lbb‘zb.
1021 3464 1067 3533 ‘blf
1080 3459 1166 3505 aba*

118 3537 310 3605 timorMBa,
321 3540 544 3612 KIquispJI
552 3545 613 3613 16),
623 3558 678 3599 om.
688 3559 740 3613 pr,
751 3541 817 3596 K.I
825 3559 834 3606 3
843 3513 1183 3599 cacuminatum

106 3611 297 3675 wir-aaa.
330 3612 386 3668 oa.
407 3613 441 3669 ae
462 3617 670 3674 carcereo.
