2506 3862
415 207 672 263 EPISTULARUM
692 213 805 264 cs-ra.
1050 206 1116 274 281

105 376 205 436 tatem
227 373 291 436 loci
314 393 373 455 pro
397 393 523 436 summo
546 393 678 436 munere
702 372 845 455 accipiet.
893 367 975 457 Ego,
998 372 1026 434 si
1047 387 1153 454 per-3

104 462 243 544 miseris,
268 462 374 547 cogito
398 461 432 525 in
455 483 528 525 area
546 481 647 525 vacua
669 461 832 525 balineum
856 461 1023 543 collocare,
1046 482 1119 523 eum

106 554 214 614 autem
235 551 352 634 locum,
374 551 409 613 in
432 571 495 634 quo
520 549 663 614 aedificia
684 549 830 634 fuerunt,
854 549 969 614 exedra
992 551 1024 613 et
1046 569 1119 631 por·
1149 590 1151 597 r

105 640 224 704 ticibus
248 639 399 722 amplecti
423 643 519 722 atquo
542 639 603 703 tibi
625 660 825 722 consecrare,
848 640 939 702 cuius
963 638 1118 702 beneficio

80 729 235 814 relegans
259 750 341 812 opus
370 728 565 812 dignumque
593 729 723 793 nomine
747 731 805 792 tuo
834 727 898 792 fiet.
944 727 1154 810 Exemplarc

105 819 306 902 testamenti,
338 839 531 901 quamquam
558 817 760 901 mendosum,
787 817 862 881 misi
883 817 960 900 tibi;
992 838 1031 880 ex
1055 837 1118 899 quo

108 927 281 990 cognosces
296 907 399 971 multa
411 906 609 989 Polyaenum
624 906 658 970 in
677 907 819 970 eiusdem
837 907 951 970 domus
971 909 1120 969 ornatum

106 996 282 1079 reliquisse,
307 1017 387 1078 quae
410 999 447 1059 ut
470 996 584 1060 domus
607 996 678 1078 ipsa
700 996 872 1080 perierunt,
897 1017 984 1059 ame
1002 998 1121 1077 tamen,

106 1085 141 1149 in
164 1088 319 1168 quantum
342 1085 493 1168 potuerit,
514 1086 724 1168 requirentur.

66 1272 93 1311 10
469 1248 572 1308 LXXI.
597 1244 758 1329 [LXXVI]

451 1350 623 1398 TRAIANUS
648 1350 777 1399 PLINIO.

171 1439 346 1505 Possumus
371 1440 456 1524 apud
469 1440 644 1506 Prusenses
668 1463 741 1505 area
763 1441 826 1505 ista
849 1462 923 1504 cum
941 1440 1038 1504 domu
1058 1441 1121 1504 col-

104 1531 209 1616 lapsa,
242 1551 338 1613 quam
365 1550 478 1594 vacare
507 1530 634 1614 scribis,
666 1531 710 1595 ud
738 1530 971 1594 extructionem
1002 1529 1122 1594 balinei

105 1621 161 1684 uti.
207 1617 293 1682 Illud
314 1622 423 1684 tamen
446 1640 561 1701 parum
584 1619 780 1703 expressisti,
804 1641 844 1682 an
868 1618 960 1682 aedes
984 1619 1017 1681 in
1040 1619 1121 1700 peri-

66 1734 91 1774 11
107 1709 204 1791 stylio
228 1705 360 1773 Claudio
392 1708 479 1774 facta
511 1712 603 1773 esset.
645 1707 748 1790 Nam,
781 1708 809 1771 si
835 1708 921 1772 facta
951 1710 1013 1790 est,
1043 1707 1121 1773 licet

108 1798 250 1880 collapsa
274 1798 325 1883 sit,
347 1798 462 1884 religio
486 1799 553 1862 eius
578 1798 747 1880 occupavit
771 1798 885 1863 solum.

453 1963 572 2022 11111.
596 1956 773 2042 [aurun]

307 2062 334 2110 C.
359 2063 497 2112 PLINIUS
522 2064 676 2112 TRAIANO
700 2063 925 2110 IMPERATORI.

173 2150 418 2216 Postulantibus
442 2144 642 2238 quibusdam,
665 2157 702 2217 ut
725 2155 763 2217 de
783 2152 992 2240 agnoscendis
1011 2152 1121 2216 liberis

67 2268 94 2308 so
107 2241 377 2325 restituendisque
404 2243 566 2307 natalibus
594 2247 626 2307 et
655 2243 829 2307 secundum
859 2242 1030 2325 epistulam
1057 2240 1122 2304 Do·

108 2332 235 2395 mitiani
262 2332 415 2414 scriptam
442 2330 573 2397 Minicio
596 2332 682 2397 Rufo
711 2336 744 2396 et
771 2330 946 2396 secundum
976 2330 1123 2413 exempla

108 2421 335 2502 proconsulum
372 2421 441 2503 ipse
478 2442 716 2506 cognoscerem,
752 2421 879 2503 respexi
916 2420 955 2483 ad
992 2422 1122 2483 senatus

108 2510 290 2574 consultum
314 2510 477 2591 pertinens
501 2511 541 2575 ad
564 2511 674 2575 eadem
697 2531 815 2595 genera
838 2530 1013 2592 causarum,
1036 2507 1123 2591 quod

109 2597 148 2661 de
170 2598 209 2661 iis
232 2601 358 2661 tantum
381 2600 555 2681 provinciis
577 2601 735 2683 loquitur,
766 2599 883 2682 quibus
913 2598 1122 2681 proconsules

68 2712 94 2753 11
109 2690 276 2771 praesunt3
308 2688 443 2771 ideoque
466 2710 533 2752 rem
557 2690 715 2775 integram
738 2689 863 2771 distuli,
896 2688 971 2750 dum
995 2692 1041 2770 tu,
1069 2687 1123 2750 do

110 2776 205 2860 mine,
228 2778 438 2860 praeceperis,
455 2778 540 2877 fluffl
563 2778 732 2843 observare
755 2799 806 2841 mc
829 2778 917 2841 velia.

442 2941 576 3003 1111111
597 2937 789 3021 [cxxviii]

454 3043 626 3091 TRAIANUS
650 3042 779 3090 PLINIO.

178 3130 212 3196 Si
234 3130 315 3196 mihi
338 3136 467 3196 senatus
497 3133 679 3197 consultum
705 3133 845 3218 miseris,
874 3131 961 3216 quod
987 3131 1124 3195 haesita-

69 3247 95 3287 11
108 3222 230 3285 tionem
253 3221 315 3285 tibi
336 3221 427 3305 fecit,
451 3222 640 3304 aestimabo,
668 3243 709 3284 an
732 3220 847 3286 debeas
872 3241 1061 3305 cognoscere
1085 3220 1124 3284 de

111 3310 320 3395 agnoscendis
343 3311 455 3374 liberis
479 3314 511 3375 et
533 3311 696 3375 natalibus
719 3309 803 3373 veris
827 3309 1040 3374 restituendis.

183 3507 216 3556 12
235 3501 320 3568 dOnu
334 3503 370 3570 A,
389 3502 471 3563 domo
490 3505 563 3578 culp.
636 3509 673 3560 tt
689 3503 768 3559 ueris
784 3503 824 3571 A,
832 3502 912 3567 Κλ,
925 3500 991 3552 sure
1007 3497 1152 3560 affin
