2506 3862
1169 90 1176 125 l

143 223 207 286 306
579 221 605 276 C.
626 221 724 274 PLINI

145 408 207 469 que
229 387 401 469 imperium
420 408 516 470 super
534 387 759 468 imperatorem
777 385 980 469 imperatoris
998 384 1058 447 tibi
1076 405 1168 447 voce

107 475 286 539 adelatum
310 479 366 540 est.
411 473 606 559 Imploratus
629 474 802 558 adoptione
832 477 865 538 et
891 473 1012 538 accitus
1041 494 1092 555 es,
1119 478 1166 537 ut·

145 565 222 627 olim
251 564 347 629 duces
374 565 484 650 magni
512 587 530 627 a
559 564 735 648 peregrinis
763 563 966 645 externisque
993 562 1086 626 bellis
1116 560 1159 625 ad

144 675 237 737 opem
260 655 383 737 patriae
404 653 568 717 ferendam
590 654 733 716 revocari
752 653 905 716 solebant.
937 649 988 715 Ita
1009 651 1096 715 filius
1120 671 1158 714 ac

142 764 257 825 parens
279 765 344 806 uno
364 742 539 824 eodemque
557 746 720 805 momento
738 764 805 804 rem
825 741 999 804 maximam
1016 740 1156 804 invicem
1184 768 1198 808 s

143 831 362 914 praestitistis,
385 833 439 895 ille
461 831 522 894 tibi
545 830 715 914 imperium
740 830 836 912 dedit,
854 834 891 894 tu
913 830 962 893 illi
979 829 1157 893 reddidisti.

108 936 124 983 5
144 919 238 985 Solus
262 941 338 1005 ergo
362 920 402 983 ad
424 920 488 983 hoc
510 919 580 984 aevi
607 942 666 1003 pro
690 942 820 983 munere
848 922 939 983 tanto
962 918 1052 1003 paria
1075 919 1158 984 acci-

142 1009 260 1093 piendo
278 1010 393 1094 fecisti,
415 1009 515 1072 immo
534 1010 620 1072 ultro
640 1008 768 1072 dantem
788 1009 955 1093 obligasti3
980 1007 1158 1072 communi-

144 1103 215 1162 cato
235 1099 320 1162 enim
339 1098 474 1181 imperio
494 1099 662 1162 sollicitior
680 1101 725 1181 tu,
742 1098 798 1161 ille
817 1097 958 1163 securior
974 1097 1080 1161 factus
1098 1101 1156 1161 est.
1179 1174 1180 1177 Ἴ

108 1184 125 1248 7
210 1185 236 1250 Ο
255 1208 375 1250 novum
395 1191 490 1269 atque
504 1187 684 1250 inauditum
699 1186 739 1250 ad
752 1187 968 1270 principatum
982 1187 1056 1250 iter!
1079 1185 1157 1250 Non
1172 1215 1200 1253 ro

142 1280 174 1339 te
196 1277 327 1359 propria
350 1275 521 1359 cupiditas,
543 1277 692 1360 proprius
718 1279 836 1359 metus,
865 1276 920 1340 sed
943 1276 1046 1339 aliena
1069 1273 1157 1339 utili-

107 1371 201 1447 atas,
224 1366 346 1428 alienus
365 1366 464 1429 timor
476 1365 653 1448 principem
676 1364 761 1428 fecit.
799 1363 946 1429 Videaris
959 1365 1045 1447 licet,
1068 1365 1156 1447 quod

142 1456 190 1517 est
223 1455 470 1537 amplissimum,
503 1457 691 1518 consecutus
722 1454 807 1517 inter
837 1453 998 1537 homines,
1028 1453 1155 1518 felicius

141 1545 251 1607 tamen
277 1547 346 1607 erat
373 1543 467 1625 illud,
499 1542 782 1625 quod'reliquisti,
814 1544 874 1607 sub
902 1544 987 1606 bono
1011 1542 1155 1626 principe

106 1633 286 1715 aprivatus
316 1654 384 1696 esse
416 1632 535 1696 desisti.
581 1629 777 1715 Assumptus
804 1654 837 1696 es
865 1632 900 1695 in
926 1632 1074 1696 laborum
1102 1653 1198 1699 cu-15

139 1743 312 1804 rarumque
330 1723 537 1803 consortium,
555 1742 613 1784 nec
631 1724 664 1784 te
677 1742 832 1804 prospera
850 1725 882 1785 et
900 1723 985 1785 laeta
1004 1721 1154 1785 stationis

141 1811 248 1892 istius,
280 1810 335 1875 sed
359 1832 470 1893 aspera
497 1814 530 1873 et
554 1809 633 1873 dura
660 1809 700 1873 ad
723 1810 947 1892 capessendam
971 1832 1041 1873 eam
1070 1831 1155 1874 com-

140 1900 305 1983 pulerunt3
324 1899 491 1981 suscepisti
510 1899 690 1982 imperium,
708 1903 881 1983 postquam
900 1900 999 1962 alium
1014 1899 1154 1982 suscepti

105 1989 332 2070 4paenitebat.
378 1986 477 2051 Nulla
509 1987 655 2071 adoptati
687 2009 760 2051 cum
793 2009 844 2070 eo,
877 1989 932 2071 qui
969 1987 1154 2070 adoptabat,

141 2076 300 2160 cognatio,
322 2078 412 2139 nulla
434 2076 646 2160 necessitudo,
668 2078 731 2140 nisi
751 2077 837 2159 quod
855 2080 991 2159 uterque
1010 2077 1152 2160 optimus
1167 2103 1196 2142 so

141 2169 218 2247 erat,
236 2164 416 2250 dignusque
439 2167 521 2229 alter
535 2166 620 2250 eligi,
639 2166 720 2229 alter
738 2166 863 2250 eligere.
894 2163 1008 2248 Itaque
1023 2166 1153 2248 adopta-

140 2258 193 2318 tus
207 2276 240 2318 es
258 2276 326 2318 non
343 2263 380 2317 ut
397 2255 488 2338 prius
506 2255 588 2318 alius
607 2258 704 2336 atque
722 2255 804 2318 alius
822 2255 857 2317 in
877 2255 1014 2338 gratiam
1033 2254 1153 2318 uxoris.

140 2343 286 2407 Adscivit
323 2344 408 2407 enim
440 2347 474 2406 te
505 2344 608 2406 filium
638 2365 705 2407 non
736 2344 881 2427 vitricus,
914 2343 969 2407 sed
996 2344 1153 2427 princeps,

140 2432 315 2515 eodemque
343 2432 450 2495 animo
480 2432 572 2496 divus
593 2430 701 2496 Nerva
733 2436 826 2516 pater
856 2436 932 2496 tuus
961 2433 1066 2496 factus
1095 2436 1153 2512 est,

106 2538 121 2584 5
142 2543 205 2604 quo
229 2525 298 2585 erat
321 2522 473 2584 omnium.
519 2519 588 2584 Nec
611 2521 701 2584 decet
724 2522 818 2585 aliter
840 2522 944 2585 filium
967 2521 1101 2603 adsumi,
1123 2523 1152 2586 si
1166 2548 1195 2588 as

140 2610 327 2675 adsumatur
356 2632 375 2672 a
396 2609 549 2694 principe.
594 2609 648 2674 An
675 2614 820 2674 senatum
846 2611 1065 2694 populumque
1088 2609 1152 2674 Ro·

140 2721 280 2782 manum,
304 2700 471 2783 exercitus,
492 2700 680 2782 provincias,
704 2700 807 2763 socios
830 2700 1074 2764 transmissurus
1095 2701 1152 2762 uni

141 2808 352 2851 successorem
375 2789 480 2852 esinu
497 2789 607 2852 uxoris
629 2789 765 2871 accipias
789 2809 994 2870 summaeque
1012 2792 1153 2872 potesta-

140 2876 182 2938 tis
205 2875 353 2940 heredem
376 2880 504 2941 tantum
527 2877 613 2940 intra
636 2876 767 2941 domum
790 2881 880 2940 tuam
904 2878 1063 2960 quaeras?
1085 2899 1152 2941 non

139 2967 242 3026 totam
269 2987 326 3047 per
355 2966 519 3029 civitatem
548 2965 750 3030 circumferas
781 2969 889 3030 oculos
917 2970 950 3030 et
976 2966 1062 3030 hunc
1089 2967 1150 3031 tibi
1165 2993 1199 3033 ao

138 3052 339 3136 proximum,
380 3055 464 3118 hunc
501 3055 797 3119 coniunctissimum
834 3054 1014 3140 existimes,
1056 3078 1150 3139 quem

107 3159 122 3205 c
143 3143 312 3225 optimum,
331 3164 425 3225 quem
448 3144 496 3208 dis
515 3143 715 3209 simillimum
734 3146 914 3209 inveneris?
932 3142 1153 3228 Imperetur-us

142 3230 291 3295 omnibus
319 3233 396 3315 eligi
419 3233 514 3297 debet
544 3255 583 3297 ex
607 3234 763 3296 omnibus.
808 3232 885 3297 Non
908 3235 992 3297 enim
1017 3234 1151 3299 servulis

140 3321 205 3384 tuis
229 3319 404 3403 dominum,
427 3325 464 3385 ut
487 3322 592 3405 possis
615 3344 683 3386 esse
706 3325 877 3386 contentus
900 3322 992 3406 quasi
1009 3344 1151 3388 neeessa-

129 3409 183 3470 rio
198 3409 327 3494 herede,
350 3409 407 3475 sed
423 3410 602 3496 principem
622 3411 744 3476 civibus
764 3411 896 3474 daturus
915 3433 949 3477 es
967 3412 1194 3496 imperatores

110 3491 305 3577 Superbum
335 3501 428 3568 istud
457 3506 494 3570 et
515 3502 662 3592 regium,
689 3501 757 3567 nisi
777 3499 912 3584 adoptas
938 3522 1030 3581 eum,
1055 3522 1151 3583 quam

91 3586 236 3650 constet
265 3590 525 3680 imperaturum
561 3596 686 3680 fuisse,
719 3589 953 3658 etiamsinon
977 3585 1176 3666 adaptasse.
