2506 3862
108 190 174 255 250
343 187 371 242 Ο.
391 187 489 242 PLINI
507 187 765 241 EPISTULARUM
783 187 821 240 IX
840 192 883 242 40.

107 354 222 436 hieme,
249 374 315 417 non
342 352 406 416 iam
435 351 588 416 comoedo
616 353 667 415 vel
690 351 821 434 lyristae
843 354 918 434 post
942 372 1054 415 aenam
1078 351 1127 414 lo·

110 463 179 526 cus,
203 442 258 506 sed
280 442 349 524 illa,
373 463 454 524 quae
478 440 609 523 dictavi,
632 440 806 504 identidem
834 443 1063 523 retractantur,
1087 461 1126 504 ao

73 547 89 595 3
108 532 205 598 simul
218 531 391 595 memoriae
404 530 564 613 frequenti
579 529 800 593 emendatione
814 529 988 612 proficitur.
1012 527 1126 593 Habes

109 624 238 704 aestate,
259 620 364 684 hieme
388 618 664 702 eonsuetudinem3
691 619 714 701 †
736 640 803 682 non
830 618 927 682 addas
955 619 1019 683 huo
1046 618 1126 682 licet

108 733 164 774 ver
196 713 227 774 et
259 713 463 791 autumnum,
495 730 576 791 quae
608 708 693 771 inter
727 708 867 771 hiemem
905 711 1126 791 aestatemque
1154 730 1165 770 a

108 799 222 882 media,
253 802 290 862 ut
321 798 404 861 nihil
436 797 474 861 de
506 796 556 861 die
585 797 729 880 perdant,
759 797 797 860 de
827 800 922 861 nocte
951 798 1125 880 parvulum

109 887 289 971 adquirunt.
335 886 424 950 Vale.

180 1086 198 1133 4
216 1096 272 1133 non
287 1079 350 1132 add.
365 1080 495 1148 Dpre'a,
514 1095 588 1132 nuno
605 1079 670 1133 add.
686 1080 755 1146 K.I,
774 1078 863 1132 addas
880 1079 977 1134 Coton.
992 1097 1019 1144 a,
1035 1079 1125 1144 ΚΠ,

110 1151 227 1222 colligas
245 1151 311 1204 hine
331 1153 456 1205 Momms.
485 1152 529 1205 Ne
547 1150 640 1204 hieme
656 1152 779 1204 consuet.
797 1151 905 1219 quidem
922 1151 1033 1218 scripsit
1046 1151 1125 1205 Plio.

110 1224 284 1292 (consuetum
298 1221 424 1276 ordinem
437 1221 452 1277 2
465 1224 500 1290 ef.
515 1224 557 1276 oet
569 1223 619 1276 IX
626 1227 669 1276 36.
680 1226 718 1290 5).
782 1228 798 1276 6
817 1221 939 1292 perdant
953 1222 992 1275 K.
998 1223 1041 1287 ΙΙ,
1060 1237 1126 1290 per-

111 1293 181 1347 dunt
199 1294 289 1360 codd,
307 1293 441 1363 perdunt,
460 1293 502 1347 ita
522 1294 614 1359 Mod,
628 1294 697 1347 K.I.
732 1325 763 1332 —
796 1291 942 1362 parvolum
962 1293 1027 1346 K.I
1042 1295 1125 1348 malla

34 1435 42 1447 ι
111 1366 287 1431 auotoritate;
305 1366 339 1432 ef.
359 1366 397 1419 ad
410 1369 513 1434 p.127.
525 1369 566 1419 17.
