2506 3862
384 209 641 265 EPISTULARUM
659 210 698 265 IV
718 217 829 266 re-rr.
1051 212 1112 276 101

102 379 135 439 et
156 373 308 461 suffragio
332 374 543 439 libentissime
566 375 732 461 indulgeat
755 379 787 440 et
809 376 994 440 testimonio
1017 377 1115 460 pluri·

102 485 192 527 mum
217 463 332 527 eredat.
378 463 467 528 Vale.

570 611 649 670 xvi.

269 711 635 760 o.rn1u1usvnnnuro
660 713 814 760 raonmo
839 712 904 762 suo
929 713 955 762 s,

75 828 88 868 a
171 798 280 866 Gaude
307 824 394 885 meo,
417 801 521 888 gaude
548 807 619 886 tuo,
646 803 750 888 gaude
777 803 874 868 etiam
901 804 1032 888 publico
1060 820 1149 868 no-1

102 891 203 974 mine3
217 890 322 954 adhue
334 889 439 955 honor
453 891 568 956 studiis
582 891 685 956 durat.
715 890 866 957 Proxime
885 914 957 957 oum
973 893 1116 958 dicturus

103 979 190 1063 apud
219 981 435 1044 centumviros
465 1002 582 1064 essem,
611 981 748 1046 adeundi
778 981 859 1045 mihi
888 984 979 1047 loeus
1008 982 1071 1046 nisi
1099 1004 1118 1046 a

103 1068 266 1152 tribunali,
288 1069 351 1134 nisi
373 1091 432 1153 per
453 1070 541 1152 ipsos
564 1070 685 1136 iudices
712 1091 778 1135 non
801 1071 876 1156 fuit3
903 1075 993 1135 tanta
1021 1072 1117 1154 stipa-

103 1158 192 1221 tione
215 1162 320 1222 cetera
341 1158 541 1222 tenebantur.
577 1157 630 1223 Ad
651 1159 714 1224 hoe
737 1160 867 1244 quidam
891 1165 1023 1225 ornatus
1042 1160 1151 1223 adu-2

62 1273 90 1315 ro
103 1248 226 1313 lesoens
250 1246 357 1312 soissis
381 1248 508 1330 tunicis,
531 1252 568 1311 ut
592 1249 627 1312 in
649 1249 829 1331 frequentia
857 1251 947 1333 solet,
975 1251 1044 1314 sola
1066 1271 1117 1314 ve

103 1337 188 1400 latus
211 1340 289 1422 toga
311 1337 453 1420 perstitit
471 1341 504 1401 et
523 1337 651 1420 quidem
670 1337 760 1402 horis
779 1341 909 1421 septem.
946 1337 1031 1403 Nam
1049 1342 1116 1402 tam
1136 1354 1151 1402 3

104 1425 160 1488 diu
184 1425 251 1489 dixi
274 1446 391 1510 magno
420 1447 492 1490 oum
521 1427 640 1510 labore,
668 1427 724 1492 sed
751 1428 871 1491 maiore
900 1448 972 1491 eum
1000 1428 1116 1492 fructu.

105 1512 298 1578 Studeamus
331 1535 407 1600 ergo
440 1535 500 1579 nee
532 1515 672 1580 desidiae
708 1520 837 1581 nostrae
872 1517 1117 1599 praetendamus

105 1603 250 1667 alienam.
286 1601 377 1686 Sunt,
396 1605 452 1687 qui
471 1603 612 1687 audiant,
631 1609 714 1688 sunt,
733 1605 789 1688 qui
807 1608 925 1689 legant,
943 1626 1003 1670 nos
1021 1605 1117 1669 modo

64 1718 90 1759 rs
105 1692 239 1777 dignum
267 1693 389 1775 aliquid
417 1693 561 1776 auribus,
594 1693 727 1778 dignum
760 1693 879 1758 ehartis
909 1694 1117 1758 elaboremus.

105 1780 194 1846 Vale.
1060 1812 1062 1816 ·

565 1876 660 1934 XVII.

306 1976 334 2023 c.
357 1975 496 2024 PLINIUS
519 1976 636 2025 nonno
660 1976 776 2025 dunno
802 1976 867 2026 sno
892 1977 918 2026 a.

170 2063 215 2129 Et
229 2065 381 2130 admones
398 2070 430 2131 et
447 2087 553 2152 rogas,
566 2070 603 2130 ut
622 2067 795 2150 suscipiam
815 2087 943 2131 oausam
962 2064 1118 2131 Corelliae
1137 2084 1151 2131 1

64 2181 91 2221 ao
105 2154 246 2219 absentis
284 2159 395 2218 eontra
426 2152 459 2219 O.
490 2153 677 2240 Caecilium,
709 2158 873 2220 eonsulem
906 2156 1117 2241 designatum.

106 2242 198 2320 Quod
222 2243 384 2327 admones,
407 2245 527 2330 gratias
551 2266 621 2330 ago,
645 2245 732 2329 quod
753 2266 860 2331 rogas,
884 2266 1009 2329 queror.
1054 2243 1119 2308 Ad-

104 2334 228 2397 moneri
255 2333 342 2397 enim
370 2333 484 2417 debeo,
507 2338 544 2398 ut
572 2335 684 2418 seiam,
710 2336 818 2419 rogari
845 2356 912 2398 non
939 2334 1054 2417 debeo,
1081 2337 1119 2397 ut

103 2422 233 2505 faciam,
257 2421 344 2504 quod
373 2423 454 2487 mihi
483 2444 550 2487 non
578 2422 682 2487 faeere
711 2424 935 2508 turpissimum
964 2427 1022 2487 est.
1065 2421 1152 2487 Ana

105 2531 165 2595 ego
193 2512 276 2576 tueri
304 2509 422 2576 Corelli
449 2513 550 2576 filiam
578 2511 744 2576 dubitem?
788 2512 849 2577 Est
879 2511 1008 2595 quidem
1038 2510 1118 2575 mihi

63 2626 90 2667 rs
105 2620 179 2664 oum
202 2601 274 2684 isto,
297 2605 409 2665 eontra
432 2622 527 2684 quem
550 2623 601 2665 me
625 2601 771 2685 advocas,
793 2623 859 2665 non
881 2603 977 2685 plane
1003 2600 1119 2663 famili-

105 2688 178 2772 aris‚
197 2689 252 2753 sed
271 2693 379 2753 tamen
397 2690 547 2754 amicitia.
583 2688 718 2754 Aoeedit
735 2690 800 2754 hue
819 2689 958 2776 dignitas
977 2689 1118 2753 hominis
1137 2705 1153 2754 3

105 2782 201 2862 atque
224 2779 278 2842 hio
300 2780 379 2863 ipse,
402 2779 454 2843 oui
480 2779 658 2844 destinatus
685 2782 743 2863 est,
770 2778 887 2863 honor3
911 2779 1001 2842 euius
1025 2778 1118 2842 nobis

104 2868 167 2932 hoo
189 2868 294 2932 maior
316 2868 440 2953 agenda
462 2869 640 2932 reverentia
662 2873 719 2952 est,
738 2868 825 2951 quod
847 2869 912 2931 iam
936 2869 993 2931 illo
1016 2867 1119 2930 functi

105 2978 224 3021 sumus.
261 2955 416 3022 Naturale
445 2962 493 3021 est
521 2957 620 3041 enirn,
642 2960 679 3020 ut
702 2979 752 3041 ea,
778 2978 859 3040 quae
887 2959 959 3040 quis
986 2956 1119 3040 adeptus

65 3071 91 3111 ao
106 3049 163 3129 est,
185 3047 254 3130 ipse
279 3068 375 3128 quam
399 3047 597 3130 amplissima
620 3047 796 3110 existimari
819 3047 905 3110 velit.
952 3043 1015 3110 Sed
1037 3044 1154 3110 mihil

106 3136 262 3220 cogitanti
281 3135 467 3199 adfuturum
485 3157 537 3199 me
556 3131 673 3199 Corelli
691 3135 776 3199 filiae
795 3136 903 3199 omnia
921 3136 984 3200 ista
1001 3133 1120 3219 frigida

106 3228 138 3288 et
168 3225 277 3288 inania
308 3224 466 3288 videntur.
511 3222 707 3288 Obversatur
739 3224 840 3288 oeulis
872 3225 927 3288 ille
960 3225 1022 3305 vir,
1055 3242 1118 3305 quo

105 3314 267 3377 neminem
295 3316 382 3378 aetas
409 3315 519 3377 nostra
547 3313 740 3398 graviorem,
763 3313 969 3395 sanctiorem,
995 3312 1119 3376 subtili·

178 3459 211 3507 10
230 3453 303 3507 solet
317 3452 400 3508 RFu
405 3492 413 3518 ,
428 3451 528 3523 &sarept
537 3456 597 3519 674,
617 3451 689 3506 solet
702 3451 766 3507 fieri
777 3452 856 3524 outo.
913 3456 953 3504 nn
970 3450 1027 3502 seb
1035 3449 1141 3507 Mu,

109 3525 245 3590 Oltam,
264 3540 314 3578 om.
333 3530 390 3580 cett.
469 3529 505 3580 28
531 3525 648 3598 agenda
669 3527 858 3599 RFDpro,
871 3523 957 3579 ΚΠ
970 3516 1169 3588 (blera-HQ»

94 3592 226 3646 habenda
244 3596 351 3662 MVr,
369 3597 442 3653 KJ.
