2506 3862
137 218 203 282 272
454 216 482 272 O.
501 216 600 272 PLINI
618 216 665 271 ET
684 212 837 271 TRAIANI

139 381 280 467 gentiam
303 402 376 446 cum
397 384 468 446 tota
491 382 586 445 domo
609 402 680 445 mea
702 380 855 465 experiar,
878 381 930 444 cui
947 380 1064 445 referre
1084 402 1156 467 gra·

138 471 217 534 tiam
244 492 354 554 parem
380 492 421 534 ne
444 469 545 534 audeo
576 469 718 554 quidem,
750 469 897 554 quamvis
920 469 1058 535 maxime
1081 490 1157 554 pos·

139 559 209 624 sim.
255 557 369 644 ltaque
392 560 433 623 ad
455 563 532 624 vota
555 558 706 645 confugio
731 559 870 642 deosque
892 579 1017 643 precor,
1044 562 1082 622 ut
1104 558 1156 643 iis,

139 670 220 732 quae
244 648 278 713 in
300 670 352 713 me
375 649 506 713 adsidue
529 648 664 731 confers,
686 668 753 711 non
774 647 926 734 indignus
950 647 1122 713 existimer.

557 794 621 854 LII.
645 789 734 875 [Lx]
1184 816 1197 857 s

335 897 363 944 c.
388 896 527 944 rumms
552 896 705 944 rnnmuo
729 895 955 943 Inrnnsrom.

205 985 309 1071 Diem,
324 985 460 1069 domine,
480 1007 543 1069 quo
563 987 697 1051 servasti
714 985 895 1071 imperium,
913 986 989 1050 dum
1008 985 1156 1070 suscipis,

140 1080 259 1159 quanta
281 1075 411 1139 mereris
433 1074 570 1159 laetitia,
599 1075 829 1140 celebravimus
858 1074 978 1158 precati
1001 1075 1091 1159 deos,
1118 1081 1156 1140 ut

138 1170 171 1228 te
195 1164 303 1251 generi
325 1165 476 1249 humano,
499 1166 589 1229 cuius
611 1165 713 1229 tutela
735 1167 767 1228 et
790 1164 943 1229 securitas
965 1163 1062 1228 saluti
1079 1168 1156 1228 tuae

139 1253 245 1317 innisa
269 1258 325 1336 est,
348 1253 541 1318 incolumem
563 1254 793 1336 florentemque
815 1256 1023 1337 praestarent.
1059 1251 1155 1317 Prae·
1170 1279 1195 1320 ac

139 1342 257 1406 ivimus
281 1347 312 1407 eb
336 1342 609 1407 commilitonibus
627 1343 678 1406 ius
700 1342 871 1406 iurandum
894 1362 981 1406 more
1005 1342 1156 1408 sollemni

139 1431 250 1496 eadem
273 1431 523 1515 provincialibus
548 1435 687 1497 certante
709 1431 830 1514 pictate
852 1431 1042 1497 iurantibus.

540 1596 621 1655 uui.
645 1591 750 1676 [uxr]

484 1698 656 1748 TRAIANUS
681 1698 809 1745 PLINIO.

207 1787 332 1865 Quanta
355 1788 510 1874 religione
534 1792 565 1852 et
587 1787 710 1852 laetitia
733 1788 966 1853 commilitones
989 1808 1062 1852 cum
1080 1809 1195 1873 pro-1⁵

139 1877 330 1943 uncialibus
362 1881 394 1941 te
427 1881 599 1961 praeeunte
636 1878 719 1941 diem
755 1876 881 1960 imperii
916 1876 981 1941 mei
1017 1877 1155 1942 celebra-

138 1968 256 2068 verint,
287 1967 437 2051 libenter,
469 1967 514 2030 mi
538 1963 679 2030 Secunde
703 1965 878 2050 carissime,
910 1967 1048 2052 cognovi
1068 1967 1155 2031 litte-

137 2078 182 2120 r1s
204 2059 278 2119 turs.
533 2148 610 2207 LIV·
635 2143 756 2228 [Lm]

339 2249 366 2298 ο.
390 2249 528 2299 PLINIUS
553 2250 706 2298 samario
729 2250 955 2298 lnrnanrom.
1168 2259 1195 2299 ao

105 2356 119 2404 1
205 2339 361 2404 Pecuniae
384 2341 543 2424 publicae,
571 2341 710 2423 domine,
738 2339 940 2423 providentie
961 2344 1019 2404 tua
1041 2344 1073 2404 et
1095 2340 1155 2404 mi·

138 2428 272 2493 nisterio
295 2433 407 2493 nostro
431 2433 463 2493 et
485 2429 550 2492 iam
574 2433 701 2493 exactae
720 2432 795 2492 sunt
814 2432 846 2493 et
864 2429 1048 2515 exiguntur3
1072 2450 1154 2513 quae

138 2537 250 2583 vereor
271 2538 312 2581 ne
335 2519 457 2582 otiosae
480 2517 611 2582 iaceant.
643 2517 729 2581 Nam
751 2522 783 2581 et
800 2517 1004 2600 praediorum
1027 2538 1154 2603 compa·

138 2608 311 2671 rendorum
333 2610 388 2671 aut
411 2608 500 2671 nulla
523 2611 579 2670 eut
600 2606 762 2670 rarissime
786 2608 908 2671 occasio
933 2611 995 2690 est,
1024 2626 1083 2670 nec
1105 2606 1154 2670 in-

139 2696 324 2778 veniuntur,
356 2697 412 2779 qui
434 2695 534 2760 velint
562 2696 674 2760 debere
701 2696 747 2758 rei
774 2695 934 2778 publicae,
966 2696 1154 2779 praesertim
1168 2721 1195 2761 aa

103 2802 120 2850 a
141 2785 293 2848 duodenis
317 2785 451 2867 assibus,
475 2785 587 2868 quanti
605 2807 624 2848 a
642 2783 775 2868 privetis
794 2788 990 2848 mutuantur.
1022 2784 1153 2868 Dispice

140 2893 226 2958 ergo,
250 2873 385 2957 domine,
407 2872 564 2956 numquid
587 2872 791 2937 minuendam
814 2895 944 2937 usuram
962 2895 999 2937 ac
1016 2895 1073 2958 per
1091 2873 1154 2939 hoc

139 2961 270 3025 idoneos
294 2961 452 3027 debitores
471 2963 652 3027 invitandos
671 2967 774 3047 putes,
797 2965 837 3045 et,
861 2961 888 3026 si
906 2983 946 3026 ne
965 2962 1154 3044 sicquidem

138 3049 349 3134 reperiuntur,
373 3051 624 3115 distribuendam
653 3052 737 3115 inter
764 3051 949 3116 decuriones
975 3053 1153 3137 pecuniam,

139 3139 185 3203 ita
208 3143 244 3202 ut
265 3144 350 3203 recte
372 3141 419 3205 rei
441 3140 589 3224 publicae
612 3145 755 3225 caveant3
780 3140 866 3224 quod
889 3161 1082 3225 quamquam
1106 3141 1153 3205 in·
1167 3166 1194 3207 ao

138 3227 216 3293 vitis
247 3230 468 3294 recusantibus
499 3230 605 3295 minus
637 3230 786 3294 acerbum
817 3229 877 3294 erit
905 3229 1025 3295 leviore
1056 3252 1154 3295 usura

140 3321 322 3383 constituta.

200 3463 239 3511 12
257 3462 386 3515 certante
405 3459 546 3528 Mosarna,
566 3458 648 3514 ΚΠ
662 3459 1003 3527 cs.cp.100‚certentA,
1023 3458 1154 3512 certatim

109 3525 260 3609 Beroqlal,
275 3532 352 3588 KJ.
410 3538 447 3589 28
461 3549 502 3590 ne
518 3532 559 3589 sic
574 3531 696 3604 quidem
709 3530 822 3597 Cuma,
836 3528 916 3582 K.II
929 3528 1055 3594 (disan
1066 3534 1163 3595 am),

93 3607 155 3647 nec
172 3613 219 3651 sre
242 3602 344 3675 Orelli
359 3606 437 3665 KJ.
