2506 3862
108 208 176 274 216
359 147 360 150 ¹
391 260 392 265 1
545 205 574 262 0·
592 206 692 262 PHNI

111 377 144 438 et
166 372 241 437 vidi.
288 370 450 458 Exegerat
468 392 620 455 prosocer
642 393 742 455 meus,
765 374 802 434 ut
820 368 973 434 Amerina
995 368 1127 453 praedia

112 484 169 527 sua
196 462 395 545 inspicerem.
448 459 537 526 Haec
566 461 803 544 perambulanti
832 458 913 524 mihi
945 458 1127 524 ostenditur

112 552 279 616 subiacens
310 552 399 615 lacus
436 551 567 615 nomine
599 549 802 632 Vadimonis3
840 547 937 613 simul
968 547 1125 630 quaedam

73 640 312 709 aincredibilia
333 643 511 704 narrantur.
557 639 693 703 Perveni
720 639 761 703 ad
790 639 904 721 ipsum.
949 636 1053 701 Lacus
1077 640 1127 700 est

111 731 145 793 in
168 729 412 794 similitudinem
436 729 570 793 iacentis
593 731 682 792 rotae
702 727 961 810 circumscriptus
983 730 1015 790 et
1033 725 1125 788 undi-
1153 749 1166 789 s

111 841 172 901 que
205 819 361 902 aequalis,
397 818 506 881 nullus
539 818 642 901 sinus,
675 817 849 899 obliquitas
881 816 984 899 nulla,
1017 815 1126 878 omnia

110 908 263 990 dimensa,
285 908 375 991 paria
398 911 430 971 et
453 907 545 990 quasi
563 907 695 971 artificis
714 928 811 970 manu
831 907 942 968 cavata
960 907 992 968 et
1011 904 1125 967 excisa.

110 994 207 1061 Color
230 997 356 1060 caerulo
379 996 525 1078 albidior,
547 996 571 1079 †
593 996 726 1060 viridior
749 999 782 1060 et
803 994 956 1078 pressior,
985 993 1126 1075 sulpuris

111 1085 190 1151 odor
217 1106 375 1170 saporque
404 1084 597 1167 medicatus,
628 1085 691 1167 vis,
724 1106 787 1166 qua
813 1084 915 1148 fracta
939 1082 1126 1147 solidantur.

110 1173 258 1258 Spatium
276 1173 448 1257 modicum,
472 1173 558 1256 quod
576 1178 685 1237 tamen
703 1174 821 1238 sentiat
838 1176 952 1237 ventos
971 1175 1003 1235 et
1021 1171 1126 1234 flucti-
1140 1195 1168 1234 ιο

74 1281 91 1329 5
110 1263 171 1327 bus
194 1263 394 1327 intumescat.
439 1261 539 1327 Nulla
566 1263 601 1326 in
623 1261 686 1326 hoc
704 1263 794 1326 navis
814 1259 918 1348 (sacer
936 1258 1046 1346 enim),
1071 1260 1126 1324 sed

111 1353 258 1416 innatant
286 1352 408 1416 insulae
435 1351 587 1415 herbidae
615 1373 725 1416 omnes
754 1351 933 1415 harundine
960 1354 993 1414 et
1020 1351 1126 1431 innoc,

111 1461 256 1524 quaeque
283 1442 346 1505 alia
374 1440 542 1505 fecundior
569 1441 662 1524 palus
692 1441 825 1524 ipsaque
854 1440 911 1503 illa
939 1439 1125 1503 extremitas

108 1531 199 1594 lacus
222 1529 321 1594 effert.
346 1528 411 1596 Sua
425 1531 540 1612 cuique
553 1530 657 1616 figura
675 1550 713 1594 ac
726 1530 854 1613 modus,
873 1529 997 1594 cunctis
1012 1549 1124 1612 margo

110 1620 253 1702 derasus,
281 1620 356 1702 quia
378 1619 562 1702 frequenter
584 1620 636 1684 rel
657 1619 747 1683 litori
769 1619 821 1682 vel
849 1618 911 1682 sibi
938 1618 1051 1681 inlisae
1079 1623 1125 1681 te·
1139 1641 1166 1681 rs

109 1712 186 1773 runt
208 1713 426 1792 terunturque.
471 1708 534 1772 Par
557 1708 706 1773 omnibus
729 1707 880 1790 altitude,
909 1729 968 1790 par
992 1707 1126 1790 levitas3

110 1798 229 1882 quippe
261 1798 295 1864 in
323 1798 462 1882 speciem
490 1798 616 1862 carinae
642 1796 759 1861 humili
786 1797 891 1861 radice
920 1795 1125 1860 descendunt.

74 1886 199 1952 6Haec
226 1887 266 1950 ab
296 1887 384 1950 omni
412 1887 512 1951 latere
538 1887 731 1971 perspicitur
763 1887 872 1950 eadem
900 1907 984 1967 aqua
1006 1885 1127 1968 pariter

111 1997 264 2060 suspensa
287 1979 320 2040 et
337 1997 450 2039 mersa.
495 1974 661 2040 Interdum
685 1977 811 2040 iunctae
839 1975 1070 2059 copulataeque
1093 1978 1126 2038 et

111 2064 289 2128 continenti
313 2063 434 2128 similes
457 2067 541 2147 sunt,
560 2065 720 2129 interdum
744 2064 1001 2129 discordantibus
1020 2063 1125 2127 ventis
1139 2088 1167 2127 1ο

110 2152 315 2237 digeruntur,
357 2173 423 2215 non
458 2175 635 2235 numquam
677 2153 849 2218 destitutae
890 2153 1125 2235 tranquillitate

75 2241 255 2326 rsingulae
278 2240 415 2305 fluitant
393 2239 550 2326 tSaepe
573 2243 715 2307 minores
737 2242 913 2306 maioribus
931 2243 1021 2306 velut
1038 2263 1126 2305 cum·

110 2330 204 2395 bulae
232 2331 386 2394 onerariis
413 2329 659 2414 adhaerescunt,
691 2353 784 2415 saepe
811 2332 897 2396 inter
924 2352 958 2394 se
987 2330 1125 2394 maiores

109 2419 312 2504 minoresque
324 2420 424 2522 quasi
442 2441 570 2484 cursum
594 2424 818 2504 certamenque
842 2421 1026 2502 desumunt,
1057 2441 1125 2482 rur-

81 2530 163 2574 sus
188 2530 298 2573 omnes
320 2509 355 2572 in
379 2508 515 2573 eundem
537 2509 646 2573 locum
674 2509 839 2593 adpulsae,
867 2531 1006 2592 quae
958 2512 1006 2572 ste
1007 2511 1125 2590 terunt,
1139 2533 1165 2574 as

108 2601 301 2682 promovent
323 2602 441 2662 terram
465 2598 611 2663 etmodo
634 2599 704 2682 hac,
728 2598 824 2662 modo
847 2598 904 2662 illa
925 2598 1032 2662 lacum
1056 2596 1125 2660 red-

110 2687 191 2750 dunt
204 2688 353 2752 auferunt
339 2691 416 2770 tque
435 2709 472 2751 ac
486 2691 556 2751 tum
571 2687 709 2771 demum,
733 2710 804 2752 oum
824 2686 966 2751 medium
984 2691 1125 2769 tenuere,

73 2790 90 2839 8
109 2797 175 2839 non
198 2776 400 2841 contrahunt.
447 2773 581 2840 Constat
603 2799 719 2860 pecora
741 2776 857 2841 herbas
885 2779 993 2840 secuta
1022 2775 1125 2839 sicin

109 2864 231 2928 insulas
259 2865 331 2929 illas
357 2870 396 2930 ut
422 2864 457 2928 in
486 2868 661 2930 extremam
691 2866 794 2950 ripam
821 2866 993 2950 procedere
1023 2865 1125 2929 solere

109 2973 168 3016 nec
186 2953 275 3035 prius
294 2953 481 3040 intellegere
499 2953 619 3019 mobile
638 2956 753 3037 solum,
772 2977 867 3039 quam
887 2954 977 3018 litori
991 2954 1124 3038 abrepta
1138 2979 1165 3019 ao

109 3042 202 3124 quasi
224 3040 325 3105 inlata
357 3047 389 3106 et
411 3044 553 3127 inposita
580 3043 809 3109 circumfusum
841 3044 984 3126 undique
1017 3044 1124 3107 lacum

108 3133 260 3214 paveant,
287 3152 377 3214 mox,
405 3154 469 3216 quo
493 3133 604 3197 tulerit
625 3136 754 3216 ventus,
782 3153 909 3218 egressa
932 3154 998 3196 non
1020 3133 1124 3217 magis

181 3311 196 3359 8
225 3304 336 3372 1111111Ἰ
358 3305 492 3360 viridi*or
513 3308 584 3362 coaa‘
604 3306 689 3361 viridi
713 3306 850 3360 austerior
869 3309 898 3360 et
919 3325 961 3376 pr.
990 3325 1014 3362 a.
1037 3307 1124 3360 viridi

13 3416 16 3421 ,
108 3377 231 3446 pressior
254 3378 291 3432 K.
298 3377 349 3443 11,-
375 3377 445 3445 cup.
454 3379 578 3447 1119sq
687 3383 720 3432 1a
747 3379 830 3432 iunco
857 3380 951 3432 tectae
974 3397 992 3432 a
1020 3380 1124 3446 (tectae

104 3448 164 3501 har.
182 3451 217 3516 ς),
233 3449 273 3502 K.
288 3448 359 3518 disp.
369 3450 444 3518 IIp.
454 3453 500 3504 20
556 3454 588 3502 14
608 3449 729 3504 acmod.
745 3449 783 3503 K
788 3451 827 3504 11
836 3466 894 3504 aaa
906 3467 990 3504 armas
999 3451 1124 3519 probat,

1 3574 4 3579 ,
91 3519 173 3568 uem.
191 3518 420 3587 eamearn.
440 3523 513 3590 Μς,
534 3520 719 3577 suusmod?
792 3525 994 3588 itaquupar
1007 3538 1115 3587 suspa
1118 3562 1126 3585 ,
1187 3528 1190 3532 '

1 3590 12 3620 ³'
72 3584 241 3654 eademque
260 3607 339 3662 susp
359 3611 425 3665 par
450 3598 495 3665 M,
513 3597 555 3653 K.
633 3601 667 3652 ‘lt
686 3593 758 3649 illae
776 3611 832 3659 ra,
850 3592 936 3658 adp
945 3594 989 3643 50.
998 3594 1043 3642 m
