2506 3862
557 208 584 264 0.
603 209 702 263 PLINI

569 378 690 436 XXXII.

336 479 364 527 c.
387 477 526 526 PLINIUS
551 479 780 538 Qumrrumuo
806 478 870 526 suo
896 478 922 526 s.

87 585 101 633 1
188 567 340 645 Quamvis
359 573 391 633 et
409 569 478 653 ipse
498 569 541 633 sis
560 568 856 632 continentissimus
875 573 908 633 et
925 568 1026 632 filiam
1045 571 1135 631 tuam

122 658 168 722 ita
190 658 383 740 institueris,
408 662 444 721 ut
468 657 601 722 decebat
622 660 711 721 tuam
734 657 849 739 filiam,
873 656 974 721 Tutili
997 661 1135 741 neptem,
1175 677 1184 706 1

122 767 195 811 cum
218 750 327 811 tamen
350 748 393 810 sit
415 749 556 829 nuptura
584 746 811 810 honestissimo
840 746 919 828 viro,
946 745 1055 810 Nonio
1080 744 1135 809 Oe·
1164 770 1175 810 5

120 835 189 920 leri,
203 837 256 900 cui
269 837 352 900 ratio
372 835 515 900 civilium
536 836 717 899 officiorum
735 835 957 900 necessitatem
975 834 1135 918 quandam

121 925 236 988 nitoris
269 925 405 1009 inponit,
438 924 532 988 debet
564 925 739 990 secundum
772 924 993 989 condicionem
1027 925 1135 987 mariti

120 1017 218 1097 veste,
251 1014 406 1078 comitatu
438 1015 562 1099 augeri3
595 1014 711 1097 quibus
741 1034 808 1077 non
840 1013 968 1097 quidem
1000 1017 1136 1098 augetur

85 1119 100 1166 1
119 1102 270 1187 dignitas,
294 1106 425 1167 ornatur
443 1107 552 1167 tamen
570 1107 603 1166 et
621 1102 799 1166 instruitur.
837 1101 882 1167 Te
905 1124 1001 1186 porro
1026 1103 1133 1167 animo

39 1253 42 1259 .
119 1191 350 1276 beatissimum,
363 1191 526 1256 modicum
544 1192 752 1256 facultatibus
772 1192 848 1256 scio.
877 1189 991 1274 Itaque
1009 1195 1133 1275 partem
1149 1217 1175 1255 10

120 1281 225 1344 oneris
261 1280 311 1345 tui
347 1281 428 1345 mihi
463 1281 591 1346 vindico
629 1284 661 1344 et
697 1284 863 1363 tamquam
899 1303 1015 1364 parens
1053 1283 1134 1345 alter

119 1367 245 1453 puellae
268 1374 397 1434 nostrae
426 1370 556 1436 confero
585 1370 821 1456 quinquaginta
848 1369 938 1434 milia
965 1392 1134 1433 nummum

119 1458 192 1542 plus
221 1459 405 1542 collaturus,
432 1459 495 1523 nisi
522 1483 541 1523 a
567 1458 758 1523 verecundia
785 1463 841 1523 tua
869 1459 937 1522 sola
968 1459 1134 1522 mediocri-

119 1550 186 1611 tate
213 1548 397 1613 munusculi
425 1549 591 1632 impetrari
623 1569 717 1632 posse
745 1548 951 1631 confiderem,
978 1569 1018 1611 ue
1045 1569 1133 1612 recu·

120 1657 215 1700 sares.
261 1634 351 1701 Vale.
1149 1660 1173 1700 15

558 1749 693 1806 XXXIH.

377 1848 737 1897 1111111111011110
762 1849 826 1897 suo
852 1849 877 1896 S.

87 1955 101 2002 1
167 1936 329 2002 ‘Tollite
357 1939 510 2002 cuncta’
534 1939 641 2022 inquit
664 1938 916 2022 ‘eoeptdsque
940 1939 1089 2002 auferte

823 2027 998 2092 labores?

120 2112 183 2178 Seu
216 2116 328 2180 scribis
361 2115 483 2199 aliquid
515 2138 572 2181 seu
603 2117 695 2202 legis,
726 2117 808 2199 tolli,
840 2117 958 2181 auferri
987 2117 1064 2184 viube
1101 2120 1133 2180 et
1148 2141 1173 2179 1ο

119 2205 228 2287 accipe
257 2205 436 2270 orationem
463 2227 568 2269 meam
596 2210 632 2268 ut
659 2206 716 2269 illa
748 2227 836 2269 arma
869 2205 1009 2269 divinam
1041 2204 1132 2293 (num

119 2293 288 2377 superbius
320 2291 458 2382 potui?),
489 2317 524 2359 re
555 2316 630 2358 vera
661 2299 698 2358 ut
725 2295 809 2358 inter
836 2316 922 2358 meas
951 2294 1132 2379 pulchram3

85 2400 193 2446 anam
226 2382 307 2446 mihi
339 2385 416 2448 satis
450 2386 499 2447 est
528 2388 647 2448 certare
684 2403 818 2448 mecum.
870 2383 931 2447 Est
963 2383 1042 2448 haec
1073 2405 1131 2467 pro

119 2470 210 2536 Attia
228 2470 353 2535 Viriola
376 2477 408 2537 et
431 2472 587 2557 dignitate
610 2494 764 2556 personae
786 2476 818 2536 et
840 2473 980 2556 exempli
1002 2473 1132 2536 raritate

120 2565 153 2625 et
171 2560 282 2624 iudicii
300 2562 523 2648 magnitudine
541 2561 686 2646 insignis.
722 2559 807 2625 Nam
828 2561 948 2625 femina
967 2562 1132 2646 splendide
1147 2585 1172 2625 11

120 2653 204 2733 nata,
227 2655 329 2734 nupta
351 2651 511 2735 praetorio
534 2651 614 2733 viro,
640 2650 830 2714 exheredata
857 2651 897 2714 ab
927 2652 1131 2736 octogenario
1219 2657 1226 2668 '

119 2741 209 2821 patre
233 2738 317 2803 intra
335 2741 484 2804 undecim
503 2740 579 2822 dies,
598 2762 694 2823 quam
712 2741 767 2804 ille
785 2761 955 2804 novercam
974 2740 1003 2803 ei
1025 2762 1132 2804 amore

122 2830 235 2910 captus
259 2828 437 2910 induxerat,
461 2829 663 2912 quadruplici
686 2829 803 2893 iudicio
827 2829 913 2893 bona
935 2833 1131 2913 1111111111-

84 2915 258 3000 3petebat.
310 2915 469 2982 Sedebant
499 2921 629 2983 centum
659 2922 691 2981 et
721 2919 885 3004 octoginta
916 2919 1035 2982 iudices
1069 2918 1132 3006 (tot

120 3005 205 3068 enim
221 3009 374 3087 quattuor
390 3006 532 3070 consiliis
552 3005 818 3094 consbnbuntur),
837 3008 950 3093 ingens
969 3008 1131 3092 utrimque
1146 3031 1172 3071 11

121 3094 287 3158 advocatio
317 3099 349 3158 et
377 3117 547 3160 numerosa
575 3095 735 3178 subsellia,
762 3100 926 3180 praeterea
954 3097 1051 3161 densa
1074 3099 1132 3162 cir-

120 3184 349 3247 cumstantium
387 3204 504 3248 corona
539 3185 733 3249 latissimum
769 3185 922 3249 iudicium
959 3187 1132 3269 multiplici

84 3272 239 3336 acirculo
273 3271 424 3336 ambibat.
470 3272 523 3337 Ad
553 3273 616 3338 hoc
652 3275 807 3358 stipatum
843 3274 997 3357 tribunal,
1035 3279 1131 3358 atque

181 3453 221 3498 18
254 3449 328 3529 ἵιη,
348 3448 384 3502 Α.
409 3449 552 3504 17111439.
633 3453 667 3502 27
695 3447 744 3502 ille
771 3465 918 3503 novercam
945 3450 972 3503 ei
999 3451 1130 3518 Dprea,

92 3509 159 3562 ῶνα
169 3517 233 3578 303,
253 3515 302 3570 rm
319 3535 475 3575 novercam
495 3523 541 3590 M,
557 3523 596 3578 K.
675 3527 710 3577 30
730 3520 944 3579 conscribuntur
961 3521 1138 3589 11111111,

73 3571 141 3626 Ona
152 3583 219 3646 3θῷ
242 3587 431 3657 colliguntur
451 3597 550 3665 Mra,
570 3598 613 3654 K.
