<?xml version="1.0" encoding="UTF-8"?>
<!DOCTYPE html PUBLIC "-//W3C//DTD XHTML 1.0 Transitional//EN"
    "http://www.w3.org/TR/xhtml1/DTD/xhtml1-transitional.dtd">
<html xmlns="http://www.w3.org/1999/xhtml" xml:lang="en" lang="en">
 <head>
  <title>
</title>
<meta http-equiv="Content-Type" content="text/html;charset=utf-8" />
  <meta name='ocr-system' content='tesseract 3.04.00' />
  <meta name='ocr-capabilities' content='ocr_page ocr_carea ocr_par ocr_line ocrx_word'/>
</head>
<body>
  <div class='ocr_page' id='page_1' title='image "./cplinicaecilise04plingoog_0093.png"; bbox 0 0 2506 3862; ppageno 0'>
   <div class='ocr_carea' id='block_1_1' title="bbox 152 212 732 279">
    <p class='ocr_par' dir='ltr' id='par_1_1' title="bbox 152 212 732 279">
     <span class='ocr_line' id='line_1_1' title="bbox 152 212 732 279; baseline 0 0"><span class='ocrx_word' id='word_1_1' title='bbox 152 215 195 279; x_wconf 81' lang='lat'><strong>80</strong></span> <span class='ocrx_word' id='word_1_2' title='bbox 586 212 614 279; x_wconf 66' lang='grc' dir='ltr'><strong>(ἒ.</strong></span> <span class='ocrx_word' id='word_1_3' title='bbox 633 213 732 267; x_wconf 78' lang='lat' dir='ltr'>PLINI</span> 
     </span>
    </p>
   </div>
   <div class='ocr_carea' id='block_1_2' title="bbox 100 377 1166 640">
    <p class='ocr_par' dir='ltr' id='par_1_2' title="bbox 100 377 1166 640">
     <span class='ocr_line' id='line_1_2' title="bbox 100 377 1165 462; baseline -0.003 -20"><span class='ocrx_word' id='word_1_4' title='bbox 100 395 131 442; x_wconf 79' lang='grc' dir='ltr'><strong>ιι</strong></span> <span class='ocrx_word' id='word_1_5' title='bbox 218 377 327 441; x_wconf 90' lang='lat' dir='ltr'><strong>Habes</strong></span> <span class='ocrx_word' id='word_1_6' title='bbox 350 381 421 441; x_wconf 89' lang='lat' dir='ltr'><strong>acta</strong></span> <span class='ocrx_word' id='word_1_7' title='bbox 446 399 518 441; x_wconf 91' lang='lat' dir='ltr'><strong>mea</strong></span> <span class='ocrx_word' id='word_1_8' title='bbox 540 377 652 460; x_wconf 88' lang='lat' dir='ltr'><strong>tridui;</strong></span> <span class='ocrx_word' id='word_1_9' title='bbox 676 377 793 459; x_wconf 90' lang='lat' dir='ltr'><strong>quibus</strong></span> <span class='ocrx_word' id='word_1_10' title='bbox 817 377 955 462; x_wconf 79' lang='lat' dir='ltr'><strong>cognitis</strong></span> <span class='ocrx_word' id='word_1_11' title='bbox 982 377 1072 440; x_wconf 80' lang='lat' dir='ltr'><strong>volui</strong></span> <span class='ocrx_word' id='word_1_12' title='bbox 1095 380 1165 440; x_wconf 87' lang='lat' dir='ltr'><strong>tan-</strong></span> 
     </span>
     <span class='ocr_line' id='line_1_3' title="bbox 150 466 1166 550; baseline -0.001 -20"><span class='ocrx_word' id='word_1_13' title='bbox 150 471 222 530; x_wconf 90' lang='lat' dir='ltr'><strong>tum</strong></span> <span class='ocrx_word' id='word_1_14' title='bbox 249 470 282 531; x_wconf 93' lang='lat' dir='ltr'><strong>te</strong></span> <span class='ocrx_word' id='word_1_15' title='bbox 309 467 485 550; x_wconf 82' lang='lat' dir='ltr'><strong>voluptatis</strong></span> <span class='ocrx_word' id='word_1_16' title='bbox 514 467 678 530; x_wconf 78' lang='lat' dir='ltr'><strong>absentem</strong></span> <span class='ocrx_word' id='word_1_17' title='bbox 707 470 739 529; x_wconf 88' lang='lat' dir='ltr'><strong>et</strong></span> <span class='ocrx_word' id='word_1_18' title='bbox 767 467 946 530; x_wconf 90' lang='lat' dir='ltr'><strong>studiorum</strong></span> <span class='ocrx_word' id='word_1_19' title='bbox 973 466 1104 529; x_wconf 90' lang='lat' dir='ltr'><strong>nomine</strong></span> <span class='ocrx_word' id='word_1_20' title='bbox 1132 469 1166 529; x_wconf 92' lang='lat' dir='ltr'><strong>et</strong></span> 
     </span>
     <span class='ocr_line' id='line_1_4' title="bbox 151 553 1164 640; baseline -0.001 -21"><span class='ocrx_word' id='word_1_21' title='bbox 151 578 223 620; x_wconf 90' lang='lat' dir='ltr'><strong>meo</strong></span> <span class='ocrx_word' id='word_1_22' title='bbox 239 577 358 640; x_wconf 77' lang='lat' dir='ltr'>capere,</span> <span class='ocrx_word' id='word_1_23' title='bbox 373 559 529 638; x_wconf 92' lang='lat' dir='ltr'><strong>quantum</strong></span> <span class='ocrx_word' id='word_1_24' title='bbox 543 576 692 638; x_wconf 80' lang='lat' dir='ltr'><strong>praesens</strong></span> <span class='ocrx_word' id='word_1_25' title='bbox 706 555 869 638; x_wconf 83' lang='lat' dir='ltr'><strong>percipere</strong></span> <span class='ocrx_word' id='word_1_26' title='bbox 883 555 1050 639; x_wconf 88' lang='lat' dir='ltr'><strong>potuisses.</strong></span> <span class='ocrx_word' id='word_1_27' title='bbox 1074 553 1164 618; x_wconf 83' lang='lat' dir='ltr'><strong>Vale.</strong></span> 
     </span>
    </p>
   </div>
   <div class='ocr_carea' id='block_1_3' title="bbox 344 702 1205 860">
    <p class='ocr_par' dir='ltr' id='par_1_3' title="bbox 344 702 1205 860">
     <span class='ocr_line' id='line_1_5' title="bbox 619 702 697 760; baseline -0.013 0"><span class='ocrx_word' id='word_1_28' title='bbox 619 702 697 760; x_wconf 79' lang='lat' dir='ltr'>XIX.</span> 
     </span>
     <span class='ocr_line' id='line_1_6' title="bbox 344 802 1205 860; baseline 0 -9"><span class='ocrx_word' id='word_1_29' title='bbox 344 803 371 851; x_wconf 84' lang='lat' dir='ltr'><strong>c</strong></span> <span class='ocrx_word' id='word_1_30' title='bbox 394 802 719 860; x_wconf 76' lang='lat' dir='ltr'><strong>an1usonnv1s1o</strong></span> <span class='ocrx_word' id='word_1_31' title='bbox 743 803 837 850; x_wconf 81' lang='lat' dir='ltr'><strong>auso</strong></span> <span class='ocrx_word' id='word_1_32' title='bbox 861 803 926 850; x_wconf 87' lang='lat' dir='ltr'><strong>suo</strong></span> <span class='ocrx_word' id='word_1_33' title='bbox 950 803 977 850; x_wconf 86' lang='lat' dir='ltr'><strong>s.</strong></span> <span class='ocrx_word' id='word_1_34' title='bbox 1193 812 1205 851; x_wconf 79' lang='lat' dir='ltr'><strong>s</strong></span> 
     </span>
    </p>
   </div>
   <div class='ocr_carea' id='block_1_4' title="bbox 116 891 1204 3466">
    <p class='ocr_par' dir='ltr' id='par_1_4' title="bbox 118 891 1166 1154">
     <span class='ocr_line' id='line_1_7' title="bbox 118 891 1165 976; baseline -0.001 -19"><span class='ocrx_word' id='word_1_35' title='bbox 118 911 132 957; x_wconf 91' lang='lat'>1</span> <span class='ocrx_word' id='word_1_36' title='bbox 219 891 364 958; x_wconf 85' lang='lat' dir='ltr'><strong>Adsumo</strong></span> <span class='ocrx_word' id='word_1_37' title='bbox 394 898 426 957; x_wconf 91' lang='lat' dir='ltr'><strong>te</strong></span> <span class='ocrx_word' id='word_1_38' title='bbox 457 893 491 956; x_wconf 93' lang='lat' dir='ltr'><strong>in</strong></span> <span class='ocrx_word' id='word_1_39' title='bbox 521 893 691 957; x_wconf 88' lang='lat' dir='ltr'><strong>eonsilium</strong></span> <span class='ocrx_word' id='word_1_40' title='bbox 721 894 767 957; x_wconf 88' lang='lat' dir='ltr'><strong>rei</strong></span> <span class='ocrx_word' id='word_1_41' title='bbox 795 892 972 976; x_wconf 87' lang='lat' dir='ltr'><strong>familiaris,</strong></span> <span class='ocrx_word' id='word_1_42' title='bbox 1002 896 1039 955; x_wconf 92' lang='lat' dir='ltr'><strong>ut</strong></span> <span class='ocrx_word' id='word_1_43' title='bbox 1067 893 1165 957; x_wconf 88' lang='lat' dir='ltr'><strong>soleo.</strong></span> 
     </span>
     <span class='ocr_line' id='line_1_8' title="bbox 151 982 1166 1068; baseline 0 -22"><span class='ocrx_word' id='word_1_44' title='bbox 151 983 285 1046; x_wconf 84' lang='lat' dir='ltr'><strong>Praedia</strong></span> <span class='ocrx_word' id='word_1_45' title='bbox 308 983 393 1068; x_wconf 82' lang='lat' dir='ltr'><strong>agris</strong></span> <span class='ocrx_word' id='word_1_46' title='bbox 416 983 496 1046; x_wconf 88' lang='lat' dir='ltr'><strong>meis</strong></span> <span class='ocrx_word' id='word_1_47' title='bbox 520 983 625 1046; x_wconf 80' lang='lat' dir='ltr'><strong>vicina</strong></span> <span class='ocrx_word' id='word_1_48' title='bbox 648 986 744 1064; x_wconf 88' lang='lat' dir='ltr'><strong>atque</strong></span> <span class='ocrx_word' id='word_1_49' title='bbox 768 982 865 1046; x_wconf 91' lang='lat' dir='ltr'><strong>etiam</strong></span> <span class='ocrx_word' id='word_1_50' title='bbox 893 983 1013 1045; x_wconf 91' lang='lat' dir='ltr'><strong>inserta</strong></span> <span class='ocrx_word' id='word_1_51' title='bbox 1039 982 1166 1046; x_wconf 80' lang='lat' dir='ltr'><strong>venalia</strong></span> 
     </span>
     <span class='ocr_line' id='line_1_9' title="bbox 152 1069 1166 1154; baseline -0.001 -18"><span class='ocrx_word' id='word_1_52' title='bbox 152 1074 235 1136; x_wconf 89' lang='lat' dir='ltr'><strong>sunt.</strong></span> <span class='ocrx_word' id='word_1_53' title='bbox 272 1069 311 1135; x_wconf 91' lang='lat' dir='ltr'><strong>In</strong></span> <span class='ocrx_word' id='word_1_54' title='bbox 333 1071 384 1136; x_wconf 88' lang='lat' dir='ltr'><strong>his</strong></span> <span class='ocrx_word' id='word_1_55' title='bbox 410 1093 461 1134; x_wconf 92' lang='lat' dir='ltr'><strong>me</strong></span> <span class='ocrx_word' id='word_1_56' title='bbox 488 1072 591 1135; x_wconf 91' lang='lat' dir='ltr'><strong>multa</strong></span> <span class='ocrx_word' id='word_1_57' title='bbox 615 1072 803 1154; x_wconf 72' lang='lat' dir='ltr'><strong>sollicitant,</strong></span> <span class='ocrx_word' id='word_1_58' title='bbox 827 1071 934 1153; x_wconf 90' lang='lat' dir='ltr'><strong>aliqua</strong></span> <span class='ocrx_word' id='word_1_59' title='bbox 956 1091 1015 1134; x_wconf 92' lang='lat' dir='ltr'><strong>nec</strong></span> <span class='ocrx_word' id='word_1_60' title='bbox 1038 1070 1166 1135; x_wconf 88' lang='lat' dir='ltr'><strong>minora</strong></span> 
     </span>
    </p>

    <p class='ocr_par' dir='ltr' id='par_1_5' title="bbox 116 1159 1204 1512">
     <span class='ocr_line' id='line_1_10' title="bbox 116 1159 1165 1245; baseline 0 -21"><span class='ocrx_word' id='word_1_61' title='bbox 116 1177 132 1224; x_wconf 77' lang='lat' dir='ltr'><strong>a</strong></span> <span class='ocrx_word' id='word_1_62' title='bbox 152 1161 320 1225; x_wconf 87' lang='lat' dir='ltr'><strong>deterrent.</strong></span> <span class='ocrx_word' id='word_1_63' title='bbox 353 1159 513 1224; x_wconf 88' lang='lat' dir='ltr'><strong>Sollicitat</strong></span> <span class='ocrx_word' id='word_1_64' title='bbox 531 1161 671 1243; x_wconf 87' lang='lat' dir='ltr'><strong>primunr</strong></span> <span class='ocrx_word' id='word_1_65' title='bbox 690 1161 760 1243; x_wconf 88' lang='lat' dir='ltr'><strong>ipsa</strong></span> <span class='ocrx_word' id='word_1_66' title='bbox 778 1159 982 1244; x_wconf 77' lang='lat' dir='ltr'><strong>pulchritudo</strong></span> <span class='ocrx_word' id='word_1_67' title='bbox 1002 1160 1165 1245; x_wconf 82' lang='lat' dir='ltr'><strong>iungendi,</strong></span> 
     </span>
     <span class='ocr_line' id='line_1_11' title="bbox 152 1250 1204 1332; baseline 0.001 -19"><span class='ocrx_word' id='word_1_68' title='bbox 152 1250 265 1314; x_wconf 88' lang='lat' dir='ltr'><strong>deinde</strong></span> <span class='ocrx_word' id='word_1_69' title='bbox 289 1250 375 1331; x_wconf 93' lang='lat' dir='ltr'><strong>quod</strong></span> <span class='ocrx_word' id='word_1_70' title='bbox 396 1271 463 1313; x_wconf 94' lang='lat' dir='ltr'><strong>non</strong></span> <span class='ocrx_word' id='word_1_71' title='bbox 483 1250 590 1313; x_wconf 93' lang='lat' dir='ltr'><strong>minus</strong></span> <span class='ocrx_word' id='word_1_72' title='bbox 608 1250 688 1313; x_wconf 90' lang='lat' dir='ltr'><strong>utile</strong></span> <span class='ocrx_word' id='word_1_73' title='bbox 707 1270 803 1331; x_wconf 90' lang='lat' dir='ltr'><strong>quam</strong></span> <span class='ocrx_word' id='word_1_74' title='bbox 822 1250 1050 1332; x_wconf 83' lang='lat' dir='ltr'><strong>voluptuosum</strong></span> <span class='ocrx_word' id='word_1_75' title='bbox 1069 1270 1165 1332; x_wconf 88' lang='lat' dir='ltr'><strong>posse</strong></span> <span class='ocrx_word' id='word_1_76' title='bbox 1180 1275 1204 1314; x_wconf 86' lang='lat'><strong>10</strong></span> 
     </span>
     <span class='ocr_line' id='line_1_12' title="bbox 151 1337 1165 1423; baseline 0 -22"><span class='ocrx_word' id='word_1_77' title='bbox 151 1343 286 1420; x_wconf 91' lang='lat' dir='ltr'><strong>utraque</strong></span> <span class='ocrx_word' id='word_1_78' title='bbox 306 1339 415 1402; x_wconf 88' lang='lat' dir='ltr'><strong>eadem</strong></span> <span class='ocrx_word' id='word_1_79' title='bbox 435 1360 539 1423; x_wconf 89' lang='lat' dir='ltr'><strong>opera,</strong></span> <span class='ocrx_word' id='word_1_80' title='bbox 554 1338 665 1402; x_wconf 88' lang='lat' dir='ltr'><strong>eodem</strong></span> <span class='ocrx_word' id='word_1_81' title='bbox 680 1339 797 1402; x_wconf 85' lang='lat' dir='ltr'><strong>viatico</strong></span> <span class='ocrx_word' id='word_1_82' title='bbox 813 1339 957 1420; x_wconf 80' lang='lat' dir='ltr'><strong>invisere,</strong></span> <span class='ocrx_word' id='word_1_83' title='bbox 973 1337 1031 1401; x_wconf 90' lang='lat' dir='ltr'><strong>sub</strong></span> <span class='ocrx_word' id='word_1_84' title='bbox 1051 1338 1165 1402; x_wconf 90' lang='lat' dir='ltr'><strong>eodem</strong></span> 
     </span>
     <span class='ocr_line' id='line_1_13' title="bbox 152 1426 1165 1512; baseline 0 -22"><span class='ocrx_word' id='word_1_85' title='bbox 152 1430 358 1510; x_wconf 72' lang='lat' dir='ltr'><strong>procuratore</strong></span> <span class='ocrx_word' id='word_1_86' title='bbox 386 1449 423 1492; x_wconf 87' lang='lat' dir='ltr'><strong>ac</strong></span> <span class='ocrx_word' id='word_1_87' title='bbox 452 1449 552 1512; x_wconf 88' lang='lat' dir='ltr'><strong>paene</strong></span> <span class='ocrx_word' id='word_1_88' title='bbox 582 1427 683 1490; x_wconf 92' lang='lat' dir='ltr'><strong>isdem</strong></span> <span class='ocrx_word' id='word_1_89' title='bbox 713 1427 875 1491; x_wconf 90' lang='lat' dir='ltr'><strong>actoribus</strong></span> <span class='ocrx_word' id='word_1_90' title='bbox 904 1426 1036 1508; x_wconf 91' lang='lat' dir='ltr'><strong>habere,</strong></span> <span class='ocrx_word' id='word_1_91' title='bbox 1065 1449 1165 1490; x_wconf 91' lang='lat' dir='ltr'><strong>unam</strong></span> 
     </span>
    </p>

    <p class='ocr_par' dir='ltr' id='par_1_6' title="bbox 117 1514 1203 1868">
     <span class='ocr_line' id='line_1_14' title="bbox 117 1514 1165 1598; baseline 0.002 -20"><span class='ocrx_word' id='word_1_92' title='bbox 117 1517 263 1580; x_wconf 75' lang='lat' dir='ltr'><strong>aviliani</strong></span> <span class='ocrx_word' id='word_1_93' title='bbox 287 1518 390 1580; x_wconf 90' lang='lat' dir='ltr'><strong>colere</strong></span> <span class='ocrx_word' id='word_1_94' title='bbox 414 1520 446 1580; x_wconf 91' lang='lat' dir='ltr'><strong>et</strong></span> <span class='ocrx_word' id='word_1_95' title='bbox 474 1537 596 1598; x_wconf 89' lang='lat' dir='ltr'><strong>ornare,</strong></span> <span class='ocrx_word' id='word_1_96' title='bbox 624 1516 757 1579; x_wconf 90' lang='lat' dir='ltr'><strong>alteram</strong></span> <span class='ocrx_word' id='word_1_97' title='bbox 785 1518 911 1579; x_wconf 88' lang='lat' dir='ltr'><strong>tantum</strong></span> <span class='ocrx_word' id='word_1_98' title='bbox 939 1516 1031 1579; x_wconf 88' lang='lat' dir='ltr'><strong>tueri.</strong></span> <span class='ocrx_word' id='word_1_99' title='bbox 1076 1514 1165 1580; x_wconf 85' lang='lat' dir='ltr'><strong>Inest</strong></span> 
     </span>
     <span class='ocr_line' id='line_1_15' title="bbox 151 1605 1165 1690; baseline -0.002 -21"><span class='ocrx_word' id='word_1_100' title='bbox 151 1605 227 1669; x_wconf 88' lang='lat' dir='ltr'><strong>huic</strong></span> <span class='ocrx_word' id='word_1_101' title='bbox 250 1605 484 1690; x_wconf 90' lang='lat' dir='ltr'><strong>computationi</strong></span> <span class='ocrx_word' id='word_1_102' title='bbox 507 1607 654 1689; x_wconf 88' lang='lat' dir='ltr'><strong>sumptus</strong></span> <span class='ocrx_word' id='word_1_103' title='bbox 678 1605 894 1689; x_wconf 88' lang='lat' dir='ltr'><strong>supellectilis,</strong></span> <span class='ocrx_word' id='word_1_104' title='bbox 918 1608 1065 1688; x_wconf 90' lang='lat' dir='ltr'><strong>sumptus</strong></span> <span class='ocrx_word' id='word_1_105' title='bbox 1089 1606 1165 1668; x_wconf 89' lang='lat' dir='ltr'><strong>atri-</strong></span> 
     </span>
     <span class='ocr_line' id='line_1_16' title="bbox 152 1693 1203 1779; baseline 0.001 -21"><span class='ocrx_word' id='word_1_106' title='bbox 152 1696 285 1778; x_wconf 78' lang='lat' dir='ltr'><strong>ensium,</strong></span> <span class='ocrx_word' id='word_1_107' title='bbox 312 1696 532 1779; x_wconf 83' lang='lat' dir='ltr'><strong>topiariorum,</strong></span> <span class='ocrx_word' id='word_1_108' title='bbox 558 1693 723 1758; x_wconf 79' lang='lat' dir='ltr'><strong>fabrorum</strong></span> <span class='ocrx_word' id='word_1_109' title='bbox 754 1696 849 1776; x_wconf 90' lang='lat' dir='ltr'><strong>atque</strong></span> <span class='ocrx_word' id='word_1_110' title='bbox 880 1694 976 1757; x_wconf 90' lang='lat' dir='ltr'><strong>etiam</strong></span> <span class='ocrx_word' id='word_1_111' title='bbox 1006 1694 1203 1759; x_wconf 72' lang='lat' dir='ltr'><strong>venatoriis</strong></span> 
     </span>
     <span class='ocr_line' id='line_1_17' title="bbox 151 1782 1164 1868; baseline -0.002 -20"><span class='ocrx_word' id='word_1_112' title='bbox 151 1785 371 1868; x_wconf 80' lang='lat' dir='ltr'><strong>instrumenti3</strong></span> <span class='ocrx_word' id='word_1_113' title='bbox 404 1806 485 1867; x_wconf 89' lang='lat' dir='ltr'><strong>quae</strong></span> <span class='ocrx_word' id='word_1_114' title='bbox 521 1784 696 1867; x_wconf 90' lang='lat' dir='ltr'><strong>plurimum</strong></span> <span class='ocrx_word' id='word_1_115' title='bbox 728 1782 826 1846; x_wconf 87' lang='lat' dir='ltr'><strong>refert</strong></span> <span class='ocrx_word' id='word_1_116' title='bbox 858 1804 958 1845; x_wconf 91' lang='lat' dir='ltr'><strong>unum</strong></span> <span class='ocrx_word' id='word_1_117' title='bbox 990 1783 1024 1844; x_wconf 94' lang='lat' dir='ltr'><strong>in</strong></span> <span class='ocrx_word' id='word_1_118' title='bbox 1054 1783 1164 1846; x_wconf 89' lang='lat' dir='ltr'><strong>locum</strong></span> 
     </span>
    </p>

    <p class='ocr_par' dir='ltr' id='par_1_7' title="bbox 116 1869 1203 2310">
     <span class='ocr_line' id='line_1_18' title="bbox 116 1869 1165 1958; baseline 0 -23"><span class='ocrx_word' id='word_1_119' title='bbox 116 1873 297 1936; x_wconf 67' lang='lat' dir='ltr'><strong>tconferas</strong></span> <span class='ocrx_word' id='word_1_120' title='bbox 327 1896 369 1937; x_wconf 89' lang='lat' dir='ltr'><strong>an</strong></span> <span class='ocrx_word' id='word_1_121' title='bbox 399 1874 433 1936; x_wconf 95' lang='lat' dir='ltr'><strong>in</strong></span> <span class='ocrx_word' id='word_1_122' title='bbox 460 1874 585 1937; x_wconf 83' lang='lat' dir='ltr'><strong>diversa</strong></span> <span class='ocrx_word' id='word_1_123' title='bbox 612 1873 784 1958; x_wconf 83' lang='lat' dir='ltr'><strong>dispergas.</strong></span> <span class='ocrx_word' id='word_1_124' title='bbox 830 1869 950 1935; x_wconf 78' lang='lat' dir='ltr'><strong>Contra</strong></span> <span class='ocrx_word' id='word_1_125' title='bbox 977 1892 1096 1954; x_wconf 88' lang='lat' dir='ltr'><strong>vereor,</strong></span> <span class='ocrx_word' id='word_1_126' title='bbox 1123 1894 1165 1936; x_wconf 88' lang='lat' dir='ltr'><strong>ne</strong></span> 
     </span>
     <span class='ocr_line' id='line_1_19' title="bbox 152 1960 1164 2046; baseline 0 -22"><span class='ocrx_word' id='word_1_127' title='bbox 152 1962 196 2024; x_wconf 87' lang='lat' dir='ltr'><strong>sit</strong></span> <span class='ocrx_word' id='word_1_128' title='bbox 219 1962 384 2024; x_wconf 89' lang='lat' dir='ltr'><strong>incautum</strong></span> <span class='ocrx_word' id='word_1_129' title='bbox 412 1984 479 2025; x_wconf 93' lang='lat' dir='ltr'><strong>rem</strong></span> <span class='ocrx_word' id='word_1_130' title='bbox 507 1964 574 2024; x_wconf 91' lang='lat' dir='ltr'><strong>tam</strong></span> <span class='ocrx_word' id='word_1_131' title='bbox 602 1984 753 2046; x_wconf 79' lang='lat' dir='ltr'><strong>magnam</strong></span> <span class='ocrx_word' id='word_1_132' title='bbox 780 1961 881 2025; x_wconf 89' lang='lat' dir='ltr'><strong>isdem</strong></span> <span class='ocrx_word' id='word_1_133' title='bbox 909 1960 1164 2043; x_wconf 85' lang='lat' dir='ltr'><strong>tempestatibus,</strong></span> 
     </span>
     <span class='ocr_line' id='line_1_20' title="bbox 152 2048 1164 2131; baseline 0.001 -19"><span class='ocrx_word' id='word_1_134' title='bbox 152 2050 253 2112; x_wconf 91' lang='lat' dir='ltr'><strong>isdem</strong></span> <span class='ocrx_word' id='word_1_135' title='bbox 277 2049 403 2113; x_wconf 84' lang='lat' dir='ltr'><strong>casibus</strong></span> <span class='ocrx_word' id='word_1_136' title='bbox 427 2049 574 2131; x_wconf 80' lang='lat' dir='ltr'><strong>subdere3</strong></span> <span class='ocrx_word' id='word_1_137' title='bbox 598 2051 699 2114; x_wconf 91' lang='lat' dir='ltr'><strong>tutius</strong></span> <span class='ocrx_word' id='word_1_138' title='bbox 723 2051 849 2114; x_wconf 81' lang='lat' dir='ltr'><strong>videtur</strong></span> <span class='ocrx_word' id='word_1_139' title='bbox 872 2050 993 2112; x_wconf 87' lang='lat' dir='ltr'><strong>ineerta</strong></span> <span class='ocrx_word' id='word_1_140' title='bbox 1015 2048 1164 2113; x_wconf 80' lang='lat' dir='ltr'><strong>fortunae</strong></span> 
     </span>
     <span class='ocr_line' id='line_1_21' title="bbox 151 2137 1203 2222; baseline 0.001 -21"><span class='ocrx_word' id='word_1_141' title='bbox 151 2138 390 2220; x_wconf 87' lang='lat' dir='ltr'><strong>possessionum</strong></span> <span class='ocrx_word' id='word_1_142' title='bbox 413 2138 621 2202; x_wconf 85' lang='lat' dir='ltr'><strong>varietatibus</strong></span> <span class='ocrx_word' id='word_1_143' title='bbox 646 2140 790 2222; x_wconf 83' lang='lat' dir='ltr'><strong>experiri.</strong></span> <span class='ocrx_word' id='word_1_144' title='bbox 831 2137 939 2202; x_wconf 91' lang='lat' dir='ltr'><strong>Habet</strong></span> <span class='ocrx_word' id='word_1_145' title='bbox 962 2138 1058 2201; x_wconf 89' lang='lat' dir='ltr'><strong>etiam</strong></span> <span class='ocrx_word' id='word_1_146' title='bbox 1082 2139 1164 2202; x_wconf 92' lang='lat' dir='ltr'><strong>mul-</strong></span> <span class='ocrx_word' id='word_1_147' title='bbox 1178 2164 1203 2202; x_wconf 80' lang='lat' dir='ltr'><strong>so</strong></span> 
     </span>
     <span class='ocr_line' id='line_1_22' title="bbox 152 2226 1164 2310; baseline 0 -21"><span class='ocrx_word' id='word_1_148' title='bbox 152 2230 223 2290; x_wconf 94' lang='lat' dir='ltr'><strong>tum</strong></span> <span class='ocrx_word' id='word_1_149' title='bbox 246 2227 454 2291; x_wconf 90' lang='lat' dir='ltr'><strong>iucunditatis</strong></span> <span class='ocrx_word' id='word_1_150' title='bbox 478 2228 539 2291; x_wconf 93' lang='lat' dir='ltr'><strong>soli</strong></span> <span class='ocrx_word' id='word_1_151' title='bbox 563 2228 705 2309; x_wconf 89' lang='lat' dir='ltr'><strong>caelique</strong></span> <span class='ocrx_word' id='word_1_152' title='bbox 724 2227 860 2290; x_wconf 90' lang='lat' dir='ltr'><strong>mutatio</strong></span> <span class='ocrx_word' id='word_1_153' title='bbox 880 2227 1012 2310; x_wconf 88' lang='lat' dir='ltr'><strong>ipsaque</strong></span> <span class='ocrx_word' id='word_1_154' title='bbox 1036 2226 1092 2289; x_wconf 91' lang='lat' dir='ltr'><strong>illa</strong></span> <span class='ocrx_word' id='word_1_155' title='bbox 1109 2249 1164 2309; x_wconf 90' lang='lat' dir='ltr'><strong>pe-</strong></span> 
     </span>
    </p>

    <p class='ocr_par' dir='ltr' id='par_1_8' title="bbox 118 2314 1164 2578">
     <span class='ocr_line' id='line_1_23' title="bbox 118 2314 1164 2402; baseline 0.002 -24"><span class='ocrx_word' id='word_1_156' title='bbox 118 2331 133 2378; x_wconf 86' lang='lat'>5</span> <span class='ocrx_word' id='word_1_157' title='bbox 153 2316 327 2402; x_wconf 80' lang='lat' dir='ltr'><strong>regrinatio</strong></span> <span class='ocrx_word' id='word_1_158' title='bbox 352 2317 437 2380; x_wconf 91' lang='lat' dir='ltr'><strong>inter</strong></span> <span class='ocrx_word' id='word_1_159' title='bbox 459 2338 524 2380; x_wconf 90' lang='lat' dir='ltr'><strong>sua.</strong></span> <span class='ocrx_word' id='word_1_160' title='bbox 561 2314 640 2398; x_wconf 91' lang='lat' dir='ltr'><strong>Iam,</strong></span> <span class='ocrx_word' id='word_1_161' title='bbox 664 2317 750 2399; x_wconf 95' lang='lat' dir='ltr'><strong>quod</strong></span> <span class='ocrx_word' id='word_1_162' title='bbox 773 2316 1011 2380; x_wconf 88' lang='lat' dir='ltr'><strong>deliberationis</strong></span> <span class='ocrx_word' id='word_1_163' title='bbox 1034 2318 1164 2380; x_wconf 86' lang='lat' dir='ltr'><strong>nostrae</strong></span> 
     </span>
     <span class='ocr_line' id='line_1_24' title="bbox 153 2405 1164 2491; baseline -0.001 -22"><span class='ocrx_word' id='word_1_164' title='bbox 153 2409 250 2489; x_wconf 90' lang='lat' dir='ltr'><strong>caput</strong></span> <span class='ocrx_word' id='word_1_165' title='bbox 273 2407 329 2488; x_wconf 90' lang='lat' dir='ltr'><strong>est,</strong></span> <span class='ocrx_word' id='word_1_166' title='bbox 353 2406 422 2491; x_wconf 84' lang='lat' dir='ltr'><strong>agri</strong></span> <span class='ocrx_word' id='word_1_167' title='bbox 446 2410 520 2469; x_wconf 90' lang='lat' dir='ltr'><strong>sunt</strong></span> <span class='ocrx_word' id='word_1_168' title='bbox 542 2406 673 2487; x_wconf 87' lang='lat' dir='ltr'><strong>fertiles,</strong></span> <span class='ocrx_word' id='word_1_169' title='bbox 696 2405 841 2490; x_wconf 83' lang='lat' dir='ltr'><strong>pingues,</strong></span> <span class='ocrx_word' id='word_1_170' title='bbox 869 2405 989 2487; x_wconf 89' lang='lat' dir='ltr'><strong>aquosi,</strong></span> <span class='ocrx_word' id='word_1_171' title='bbox 1014 2407 1164 2468; x_wconf 85' lang='lat' dir='ltr'><strong>constant</strong></span> 
     </span>
     <span class='ocr_line' id='line_1_25' title="bbox 153 2493 1163 2578; baseline -0.001 -20"><span class='ocrx_word' id='word_1_172' title='bbox 153 2495 283 2578; x_wconf 90' lang='lat' dir='ltr'><strong>campis,</strong></span> <span class='ocrx_word' id='word_1_173' title='bbox 306 2495 416 2578; x_wconf 80' lang='lat' dir='ltr'><strong>vineis,</strong></span> <span class='ocrx_word' id='word_1_174' title='bbox 439 2495 538 2577; x_wconf 81' lang='lat' dir='ltr'><strong>silvis,</strong></span> <span class='ocrx_word' id='word_1_175' title='bbox 562 2517 642 2578; x_wconf 89' lang='lat' dir='ltr'><strong>quae</strong></span> <span class='ocrx_word' id='word_1_176' title='bbox 665 2495 831 2557; x_wconf 90' lang='lat' dir='ltr'><strong>materiam</strong></span> <span class='ocrx_word' id='word_1_177' title='bbox 852 2498 884 2558; x_wconf 90' lang='lat' dir='ltr'><strong>et</strong></span> <span class='ocrx_word' id='word_1_178' title='bbox 905 2516 944 2557; x_wconf 85' lang='lat' dir='ltr'><strong>ex</strong></span> <span class='ocrx_word' id='word_1_179' title='bbox 965 2515 1002 2557; x_wconf 94' lang='lat' dir='ltr'><strong>ea</strong></span> <span class='ocrx_word' id='word_1_180' title='bbox 1024 2493 1163 2557; x_wconf 88' lang='lat' dir='ltr'><strong>reditum</strong></span> 
     </span>
    </p>

    <p class='ocr_par' dir='ltr' id='par_1_9' title="bbox 116 2580 1202 2934">
     <span class='ocr_line' id='line_1_26' title="bbox 116 2580 1202 2666; baseline 0.002 -20"><span class='ocrx_word' id='word_1_181' title='bbox 116 2598 132 2645; x_wconf 84' lang='lat'>6</span> <span class='ocrx_word' id='word_1_182' title='bbox 152 2585 235 2647; x_wconf 88' lang='lat' dir='ltr'><strong>sicut</strong></span> <span class='ocrx_word' id='word_1_183' title='bbox 255 2585 417 2648; x_wconf 90' lang='lat' dir='ltr'><strong>modicum</strong></span> <span class='ocrx_word' id='word_1_184' title='bbox 436 2584 482 2647; x_wconf 94' lang='lat' dir='ltr'><strong>ita</strong></span> <span class='ocrx_word' id='word_1_185' title='bbox 500 2587 620 2648; x_wconf 89' lang='lat' dir='ltr'><strong>statum</strong></span> <span class='ocrx_word' id='word_1_186' title='bbox 639 2586 811 2666; x_wconf 90' lang='lat' dir='ltr'><strong>praestant.</strong></span> <span class='ocrx_word' id='word_1_187' title='bbox 848 2581 911 2648; x_wconf 85' lang='lat' dir='ltr'><strong>Sed</strong></span> <span class='ocrx_word' id='word_1_188' title='bbox 928 2580 1007 2646; x_wconf 87' lang='lat' dir='ltr'><strong>haec</strong></span> <span class='ocrx_word' id='word_1_189' title='bbox 1025 2581 1162 2646; x_wconf 82' lang='lat' dir='ltr'><strong>felicitas</strong></span> <span class='ocrx_word' id='word_1_190' title='bbox 1177 2608 1202 2648; x_wconf 79' lang='lat' dir='ltr'><strong>ss</strong></span> 
     </span>
     <span class='ocr_line' id='line_1_27' title="bbox 152 2669 1164 2757; baseline 0.001 -23"><span class='ocrx_word' id='word_1_191' title='bbox 152 2675 255 2735; x_wconf 90' lang='lat' dir='ltr'><strong>terrae</strong></span> <span class='ocrx_word' id='word_1_192' title='bbox 282 2673 440 2737; x_wconf 88' lang='lat' dir='ltr'><strong>inbecillis</strong></span> <span class='ocrx_word' id='word_1_193' title='bbox 468 2673 645 2737; x_wconf 87' lang='lat' dir='ltr'><strong>cultoribus</strong></span> <span class='ocrx_word' id='word_1_194' title='bbox 676 2671 838 2757; x_wconf 82' lang='lat' dir='ltr'><strong>fatigatur.</strong></span> <span class='ocrx_word' id='word_1_195' title='bbox 884 2669 968 2735; x_wconf 88' lang='lat' dir='ltr'><strong>Nam</strong></span> <span class='ocrx_word' id='word_1_196' title='bbox 996 2692 1164 2754; x_wconf 88' lang='lat' dir='ltr'><strong>possessor</strong></span> 
     </span>
     <span class='ocr_line' id='line_1_28' title="bbox 152 2761 1163 2846; baseline 0.001 -24"><span class='ocrx_word' id='word_1_197' title='bbox 152 2761 240 2844; x_wconf 90' lang='lat' dir='ltr'><strong>prior</strong></span> <span class='ocrx_word' id='word_1_198' title='bbox 263 2763 388 2845; x_wconf 90' lang='lat' dir='ltr'><strong>saepius</strong></span> <span class='ocrx_word' id='word_1_199' title='bbox 411 2761 554 2825; x_wconf 79' lang='lat' dir='ltr'><strong>vendidit</strong></span> <span class='ocrx_word' id='word_1_200' title='bbox 576 2762 712 2846; x_wconf 84' lang='lat' dir='ltr'><strong>pignora</strong></span> <span class='ocrx_word' id='word_1_201' title='bbox 735 2765 775 2844; x_wconf 91' lang='lat' dir='ltr'><strong>et,</strong></span> <span class='ocrx_word' id='word_1_202' title='bbox 794 2762 870 2824; x_wconf 92' lang='lat' dir='ltr'><strong>dum</strong></span> <span class='ocrx_word' id='word_1_203' title='bbox 888 2761 1011 2842; x_wconf 92' lang='lat' dir='ltr'><strong>reliqua</strong></span> <span class='ocrx_word' id='word_1_204' title='bbox 1034 2762 1163 2825; x_wconf 90' lang='lat' dir='ltr'><strong>colono-</strong></span> 
     </span>
     <span class='ocr_line' id='line_1_29' title="bbox 152 2849 1163 2934; baseline 0.001 -23"><span class='ocrx_word' id='word_1_205' title='bbox 152 2871 223 2911; x_wconf 91' lang='lat' dir='ltr'><strong>rum</strong></span> <span class='ocrx_word' id='word_1_206' title='bbox 256 2851 373 2912; x_wconf 93' lang='lat' dir='ltr'><strong>minuit</strong></span> <span class='ocrx_word' id='word_1_207' title='bbox 404 2851 444 2913; x_wconf 88' lang='lat' dir='ltr'><strong>ad</strong></span> <span class='ocrx_word' id='word_1_208' title='bbox 475 2854 611 2932; x_wconf 92' lang='lat' dir='ltr'><strong>tempus,</strong></span> <span class='ocrx_word' id='word_1_209' title='bbox 643 2850 726 2914; x_wconf 85' lang='lat' dir='ltr'><strong>vires</strong></span> <span class='ocrx_word' id='word_1_210' title='bbox 753 2851 787 2914; x_wconf 92' lang='lat' dir='ltr'><strong>in</strong></span> <span class='ocrx_word' id='word_1_211' title='bbox 814 2853 978 2934; x_wconf 87' lang='lat' dir='ltr'><strong>posterum</strong></span> <span class='ocrx_word' id='word_1_212' title='bbox 1006 2849 1163 2931; x_wconf 85' lang='lat' dir='ltr'><strong>exhausit,</strong></span> 
     </span>
    </p>

    <p class='ocr_par' dir='ltr' id='par_1_10' title="bbox 118 2936 1202 3466">
     <span class='ocr_line' id='line_1_30' title="bbox 118 2936 1162 3021; baseline 0.001 -21"><span class='ocrx_word' id='word_1_213' title='bbox 118 2953 288 3019; x_wconf 67' lang='lat' dir='ltr'><strong>squarum</strong></span> <span class='ocrx_word' id='word_1_214' title='bbox 327 2937 503 3002; x_wconf 86' lang='lat' dir='ltr'><strong>defectione</strong></span> <span class='ocrx_word' id='word_1_215' title='bbox 543 2959 652 3002; x_wconf 93' lang='lat' dir='ltr'><strong>rursus</strong></span> <span class='ocrx_word' id='word_1_216' title='bbox 688 2940 811 3021; x_wconf 90' lang='lat' dir='ltr'><strong>reliqua</strong></span> <span class='ocrx_word' id='word_1_217' title='bbox 847 2942 1021 3002; x_wconf 81' lang='lat' dir='ltr'><strong>crevenmt.</strong></span> <span class='ocrx_word' id='word_1_218' title='bbox 1080 2936 1162 3002; x_wconf 82' lang='lat' dir='ltr'><strong>Sunt</strong></span> 
     </span>
     <span class='ocr_line' id='line_1_31' title="bbox 152 3027 1202 3112; baseline 0.003 -23"><span class='ocrx_word' id='word_1_219' title='bbox 152 3047 229 3110; x_wconf 81' lang='lat' dir='ltr'><strong>ergo</strong></span> <span class='ocrx_word' id='word_1_220' title='bbox 261 3027 439 3090; x_wconf 91' lang='lat' dir='ltr'><strong>instruendi</strong></span> <span class='ocrx_word' id='word_1_221' title='bbox 471 3028 651 3111; x_wconf 90' lang='lat' dir='ltr'><strong>complures</strong></span> <span class='ocrx_word' id='word_1_222' title='bbox 680 3028 767 3112; x_wconf 83' lang='lat' dir='ltr'><strong>frugi</strong></span> <span class='ocrx_word' id='word_1_223' title='bbox 793 3028 969 3110; x_wconf 87' lang='lat' dir='ltr'><strong>mancipes;</strong></span> <span class='ocrx_word' id='word_1_224' title='bbox 996 3049 1070 3090; x_wconf 91' lang='lat' dir='ltr'><strong>nam</strong></span> <span class='ocrx_word' id='word_1_225' title='bbox 1102 3048 1163 3091; x_wconf 88' lang='lat' dir='ltr'><strong>nec</strong></span> <span class='ocrx_word' id='word_1_226' title='bbox 1176 3053 1202 3093; x_wconf 86' lang='lat' dir='ltr'><strong>ao</strong></span> 
     </span>
     <span class='ocr_line' id='line_1_32' title="bbox 153 3114 1162 3200; baseline 0.003 -23"><span class='ocrx_word' id='word_1_227' title='bbox 153 3115 221 3198; x_wconf 93' lang='lat' dir='ltr'><strong>ipse</strong></span> <span class='ocrx_word' id='word_1_228' title='bbox 239 3135 374 3196; x_wconf 91' lang='lat' dir='ltr'><strong>usquam</strong></span> <span class='ocrx_word' id='word_1_229' title='bbox 393 3117 517 3181; x_wconf 85' lang='lat' dir='ltr'><strong>vinctos</strong></span> <span class='ocrx_word' id='word_1_230' title='bbox 536 3116 639 3180; x_wconf 88' lang='lat' dir='ltr'><strong>habeo</strong></span> <span class='ocrx_word' id='word_1_231' title='bbox 653 3137 712 3180; x_wconf 88' lang='lat' dir='ltr'><strong>nec</strong></span> <span class='ocrx_word' id='word_1_232' title='bbox 730 3116 776 3179; x_wconf 93' lang='lat' dir='ltr'><strong>ibi</strong></span> <span class='ocrx_word' id='word_1_233' title='bbox 795 3116 973 3198; x_wconf 90' lang='lat' dir='ltr'><strong>quisquam.</strong></span> <span class='ocrx_word' id='word_1_234' title='bbox 1002 3114 1162 3200; x_wconf 82' lang='lat' dir='ltr'><strong>Superest,</strong></span> 
     </span>
     <span class='ocr_line' id='line_1_33' title="bbox 152 3203 1162 3289; baseline 0.003 -23"><span class='ocrx_word' id='word_1_235' title='bbox 152 3207 189 3266; x_wconf 90' lang='lat' dir='ltr'><strong>ut</strong></span> <span class='ocrx_word' id='word_1_236' title='bbox 212 3204 302 3286; x_wconf 87' lang='lat' dir='ltr'><strong>scias,</strong></span> <span class='ocrx_word' id='word_1_237' title='bbox 325 3206 437 3286; x_wconf 90' lang='lat' dir='ltr'><strong>quanti</strong></span> <span class='ocrx_word' id='word_1_238' title='bbox 455 3207 623 3270; x_wconf 85' lang='lat' dir='ltr'><strong>videantur</strong></span> <span class='ocrx_word' id='word_1_239' title='bbox 640 3226 735 3289; x_wconf 90' lang='lat' dir='ltr'><strong>posse</strong></span> <span class='ocrx_word' id='word_1_240' title='bbox 759 3205 830 3269; x_wconf 88' lang='lat' dir='ltr'><strong>emi.</strong></span> <span class='ocrx_word' id='word_1_241' title='bbox 868 3203 1021 3269; x_wconf 89' lang='lat' dir='ltr'><strong>Sestertio</strong></span> <span class='ocrx_word' id='word_1_242' title='bbox 1045 3205 1162 3286; x_wconf 87' lang='lat' dir='ltr'><strong>tricies,</strong></span> 
     </span>
     <span class='ocr_line' id='line_1_34' title="bbox 152 3292 1162 3379; baseline 0.003 -24"><span class='ocrx_word' id='word_1_243' title='bbox 152 3315 218 3357; x_wconf 96' lang='lat' dir='ltr'><strong>non</strong></span> <span class='ocrx_word' id='word_1_244' title='bbox 242 3293 316 3375; x_wconf 90' lang='lat' dir='ltr'><strong>quia</strong></span> <span class='ocrx_word' id='word_1_245' title='bbox 339 3315 405 3357; x_wconf 94' lang='lat' dir='ltr'><strong>non</strong></span> <span class='ocrx_word' id='word_1_246' title='bbox 427 3295 599 3377; x_wconf 89' lang='lat' dir='ltr'><strong>aliquando</strong></span> <span class='ocrx_word' id='word_1_247' title='bbox 623 3294 833 3379; x_wconf 82' lang='lat' dir='ltr'><strong>quinquagies</strong></span> <span class='ocrx_word' id='word_1_248' title='bbox 852 3292 980 3375; x_wconf 81' lang='lat' dir='ltr'><strong>luerint,</strong></span> <span class='ocrx_word' id='word_1_249' title='bbox 999 3315 1110 3358; x_wconf 80' lang='lat' dir='ltr'><strong>verum</strong></span> <span class='ocrx_word' id='word_1_250' title='bbox 1129 3298 1162 3358; x_wconf 90' lang='lat' dir='ltr'><strong>et</strong></span> 
     </span>
     <span class='ocr_line' id='line_1_35' title="bbox 152 3382 1162 3466; baseline 0.002 -22"><span class='ocrx_word' id='word_1_251' title='bbox 152 3382 213 3445; x_wconf 92' lang='lat' dir='ltr'><strong>hac</strong></span> <span class='ocrx_word' id='word_1_252' title='bbox 234 3383 388 3464; x_wconf 91' lang='lat' dir='ltr'><strong>paenuria</strong></span> <span class='ocrx_word' id='word_1_253' title='bbox 411 3384 598 3447; x_wconf 91' lang='lat' dir='ltr'><strong>colonorum</strong></span> <span class='ocrx_word' id='word_1_254' title='bbox 624 3387 656 3447; x_wconf 90' lang='lat' dir='ltr'><strong>et</strong></span> <span class='ocrx_word' id='word_1_255' title='bbox 679 3383 842 3446; x_wconf 91' lang='lat' dir='ltr'><strong>communi</strong></span> <span class='ocrx_word' id='word_1_256' title='bbox 869 3383 1022 3466; x_wconf 88' lang='lat' dir='ltr'><strong>temporis</strong></span> <span class='ocrx_word' id='word_1_257' title='bbox 1045 3383 1162 3464; x_wconf 91' lang='lat' dir='ltr'><strong>iniqui-</strong></span> 
     </span>
    </p>
   </div>
   <div class='ocr_carea' id='block_1_5' title="bbox 117 3520 1160 3668">
    <p class='ocr_par' dir='ltr' id='par_1_11' title="bbox 117 3520 1160 3668">
     <span class='ocr_line' id='line_1_36' title="bbox 145 3520 1160 3594; baseline -0.018 -3"><span class='ocrx_word' id='word_1_258' title='bbox 145 3581 151 3591; x_wconf 92' lang='lat'>.</span> <span class='ocrx_word' id='word_1_259' title='bbox 178 3583 196 3594; x_wconf 83' lang='lat'><strong>„</strong></span> <span class='ocrx_word' id='word_1_260' title='bbox 209 3523 248 3568; x_wconf 73' lang='lat'><strong>30</strong></span> <span class='ocrx_word' id='word_1_261' title='bbox 266 3520 366 3589; x_wconf 77' lang='lat' dir='ltr'><strong>compl,</strong></span> <span class='ocrx_word' id='word_1_262' title='bbox 390 3521 424 3575; x_wconf 79' lang='lat' dir='ltr'><strong>fr.</strong></span> <span class='ocrx_word' id='word_1_263' title='bbox 444 3521 593 3594; x_wconf 86' lang='lat' dir='ltr'><strong>mancipes</strong></span> <span class='ocrx_word' id='word_1_264' title='bbox 615 3523 724 3590; x_wconf 74' lang='lat' dir='ltr'><strong>Coton,</strong></span> <span class='ocrx_word' id='word_1_265' title='bbox 747 3537 779 3576; x_wconf 88' lang='lat' dir='ltr'><strong>eo</strong></span> <span class='ocrx_word' id='word_1_266' title='bbox 801 3520 902 3591; x_wconf 84' lang='lat' dir='ltr'><strong>pluris,</strong></span> <span class='ocrx_word' id='word_1_267' title='bbox 923 3521 1007 3589; x_wconf 87' lang='lat' dir='ltr'><strong>quod.</strong></span> <span class='ocrx_word' id='word_1_268' title='bbox 1029 3521 1063 3574; x_wconf 85' lang='lat' dir='ltr'><strong>fr.</strong></span> <span class='ocrx_word' id='word_1_269' title='bbox 1082 3536 1160 3574; x_wconf 89' lang='lat' dir='ltr'><strong>man-</strong></span> 
     </span>
     <span class='ocr_line' id='line_1_37' title="bbox 117 3589 559 3668; baseline -0.014 -12"><span class='ocrx_word' id='word_1_270' title='bbox 117 3594 208 3645; x_wconf 69' lang='lat' dir='ltr'><strong>⁰¹J²¹1⁸</strong></span> <span class='ocrx_word' id='word_1_271' title='bbox 224 3589 274 3652; x_wconf 66' lang='lat' dir='ltr'><strong>K,</strong></span> <span class='ocrx_word' id='word_1_272' title='bbox 297 3605 333 3644; x_wconf 81' lang='lat' dir='ltr'><strong>eo</strong></span> <span class='ocrx_word' id='word_1_273' title='bbox 346 3592 453 3661; x_wconf 84' lang='lat' dir='ltr'><strong>plures</strong></span> <span class='ocrx_word' id='word_1_274' title='bbox 471 3597 559 3668; x_wconf 77' lang='lat' dir='ltr'><strong>Fpa.</strong></span> 
     </span>
    </p>
   </div>
   <div class='ocr_carea' id='block_1_6' title="bbox 0 0 1258 3862">
    <p class='ocr_par' dir='ltr' id='par_1_12' title="bbox 0 0 1258 3862">
     <span class='ocr_line' id='line_1_38' title="bbox 0 0 1258 3862; baseline 0 1"><span class='ocrx_word' id='word_1_275' title='bbox 0 0 1258 3862; x_wconf 95' lang='lat' dir='ltr'><strong> </strong></span> 
     </span>
    </p>
   </div>
  </div>
 </body>
</html>
