2506 3862
150 213 217 277 304
587 210 615 266 Ο.
634 210 734 264 PLINI

150 375 227 440 Non
259 376 343 440 enim
375 399 395 441 a
422 379 455 441 te
481 376 544 460 ipsi
572 374 634 440 tibi
665 375 770 439 honor
801 375 875 459 iste,
908 375 963 439 sed
995 374 1167 459 agentibus

150 465 296 529 habetur.
347 463 440 530 Cedis
454 465 635 553 ‘affectibus
663 465 795 547 nostris,
826 484 886 528 nec
911 464 1006 529 nobis
1033 485 1167 528 munera

151 559 209 619 tua
231 548 502 638 praedicai'essed
524 554 634 618 audire
657 553 718 617 tibi
740 573 868 618 necesse
890 556 948 618 est.

117 660 133 707 4
220 641 321 727 Saepe
338 665 399 729 ego
418 664 558 727 mecum,
575 646 682 727 patres
701 643 883 726 conscripti,
901 642 1018 707 tacitus
1038 642 1169 727 agitari,

55 794 57 805 ,
152 734 280 816 qualem
311 737 530 816 quantumque
556 753 627 797 esse
648 735 820 815 oporteret,
847 731 938 797 cuius
962 730 1087 815 homno
1110 753 1169 794 nu·
1197 760 1209 799 s

147 826 252 909 tuque
270 824 379 906 maria,
403 826 514 906 terrae,
536 844 609 906 pax,
628 821 713 885 bella
730 824 930 922 [agerentiam
954 840 1027 884 cum
1046 821 1168 884 interea

152 912 289 996 fingenti
318 911 536 994 formantique
567 911 649 974 mihi
679 906 873 994 principemJ
904 906 999 992 quem
1030 913 1169 992 aequata

153 1000 202 1064 dis
226 1000 461 1066 immortalibus
486 1003 630 1084 potestas
653 1000 787 1080 deceret,
809 1016 986 1081 numquam
1004 1003 1081 1062 voto
1107 999 1169 1064 sal-

153 1094 219 1155 tem
243 1090 409 1173 concipere
432 1090 589 1154 succurrit
611 1089 750 1153 similem
772 1089 862 1171 huic,
894 1109 990 1170 quam
1013 1088 1169 1152 videmus.

119 1177 281 1243 tEnituit
304 1179 420 1262 aliquis
443 1180 478 1243 in
501 1179 600 1262 ballo,
629 1178 684 1243 sed
708 1178 867 1241 obsolevit
889 1177 923 1240 in
945 1197 1037 1261 pace;
1067 1177 1210 1244 aliana

154 1272 244 1351 toga,
277 1267 333 1332 sed
359 1290 425 1331 non
453 1272 485 1332 et
508 1289 596 1331 arma
622 1267 847 1350 honestarunt3
878 1267 1090 1330 reverentiam
1114 1265 1170 1329 ille

154 1359 284 1440 terrore,
307 1357 388 1421 alius
412 1378 553 1420 amorem
576 1356 759 1419 humilitate
781 1354 936 1439 captavit3
967 1356 1022 1418 illa
1046 1355 1171 1436 quassi-

154 1449 221 1508 tam
246 1445 333 1509 domi
356 1447 492 1531 gloriam
515 1446 550 1508 in
571 1444 701 1529 publico
707 1494 717 1526 ‚
747 1445 802 1509 hic
823 1446 858 1508 in
885 1445 1015 1527 publico
1042 1447 1170 1527 partam

155 1535 242 1597 domi
265 1534 417 1618 pardidit3
440 1538 603 1618 postremo
622 1533 727 1597 adhuc
744 1555 839 1598 nemo
859 1533 975 1617 extitit,
998 1532 1089 1597 cuius
1108 1533 1171 1596 vir·

121 1638 137 1686 6
156 1627 241 1688 tutes
264 1625 354 1688 nullo
378 1624 531 1704 vitiorum
554 1623 693 1687 confinio
715 1622 925 1687 laederentur.
962 1621 1008 1687 At
1030 1623 1170 1706 principi
1185 1649 1209 1688 1⁶

155 1716 266 1778 nostro
286 1716 406 1796 quanta
425 1712 595 1778 concordia
614 1715 816 1796 quantusque
835 1715 1008 1777 concentus
1023 1712 1169 1775 omnium

155 1802 287 1866 laudum
310 1803 479 1885 omnisque
501 1803 623 1886 gloriae
646 1802 795 1886 contigit!
832 1799 879 1865 Ut
900 1799 982 1865 nihil
1006 1801 1169 1866 severitati

156 1892 224 1954 eius
247 1891 422 1974 hilaritate,
444 1891 527 1954 nihil
550 1891 701 1975 gravitati
724 1891 942 1975 simplicitate,
969 1888 1051 1953 nihil
1073 1889 1171 1954 maie-

122 1981 232 2044 rstati
264 1980 463 2044 humanitate
494 1979 682 2044 detrahitur!
727 1977 796 2044 Iam
823 1979 972 2062 firmitas,
1003 1979 1067 2043 iam
1098 2000 1171 2062 pro-

157 2069 271 2132 ceritas
295 2069 446 2152 corporis,
468 2070 532 2133 iam
555 2070 659 2133 honor
682 2069 794 2152 capitis
819 2072 851 2132 at
869 2067 1009 2152 dignitas
1034 2067 1107 2151 oris,
1129 2068 1171 2131 ad
1185 2094 1212 2133 ao

156 2158 219 2221 hoc
241 2159 354 2222 aetatis
378 2158 535 2222 indeflexa
562 2158 729 2223 maturitas
752 2179 811 2222 nec
836 2158 904 2222 sine
933 2157 1072 2241 quodam
1102 2178 1171 2221 mu-

156 2268 232 2311 nere
251 2246 345 2310 deum
363 2247 522 2311 festinatis
541 2248 714 2312 senectutis
732 2247 913 2332 insignibus
931 2246 972 2311 ad
991 2245 1171 2332 augendam

156 2337 356 2400 maiestatem
379 2338 493 2400 ornata
515 2337 669 2400 caesaries
692 2357 799 2400 nonne
820 2336 918 2421 longe
935 2336 1066 2418 lateque
1082 2335 1169 2418 prin-

121 2425 260 2509 dcipem
280 2424 465 2489 ostentant?
481 2423 598 2490 'Talem
621 2446 690 2490 esse
709 2426 861 2510 oportuit,
884 2446 979 2508 quem
1001 2445 1068 2489 non
1087 2424 1172 2488 bella
1196 2430 1199 2433 ’

158 2514 264 2578 ciuilia
295 2535 355 2578 nac
386 2515 484 2578 armis
517 2536 668 2598 oppressa
698 2536 748 2578 res
780 2515 924 2598 publica,
961 2513 1016 2578 sad
1048 2535 1113 2597 pax
1138 2516 1172 2576 et
1186 2538 1212 2579 aa

123 2623 138 2668 a
158 2604 288 2687 adoptio
307 2603 488 2668 attendam
506 2608 636 2668 exorata
654 2605 747 2668 terris
765 2604 898 2667 numina
916 2602 1087 2667 dedissent.
1118 2599 1173 2666 An

156 2692 207 2757 fas
226 2697 293 2757 crat
311 2691 394 2756 nihil
412 2691 538 2757 differre
556 2693 640 2757 inter
657 2693 892 2776 imperatorem,
911 2713 1005 2773 quem
1024 2691 1171 2756 homines

159 2785 310 2864 atquem
334 2781 366 2844 di
388 2781 560 2846 fecissent?
598 2803 735 2865 quorum
765 2781 894 2864 quidem
921 2782 956 2844 in
982 2785 1029 2863 ta,
1056 2778 1173 2845 Caesar

158 2867 314 2954 Auguste,
338 2870 491 2934 iudicium
514 2874 547 2934 et
568 2871 661 2936 favor
683 2874 761 2935 tunc
784 2871 902 2953 statim,
925 2890 998 2934 cum
1021 2869 1062 2934 ad
1084 2891 1173 2935 exer-

159 2959 258 3022 citum
281 2960 543 3043 proficiscereris,
573 2963 606 3025 et
628 2959 758 3042 quidam
788 2961 941 3023 inusitato
968 2960 1072 3023 omaso
1098 2979 1173 3023 eno·
1187 2985 1214 3024 ao

124 3047 230 3113 atuit.
262 3045 347 3111 Nam
367 3053 488 3113 ceteros
502 3049 661 3133 principes
675 3053 732 3114 aut
753 3050 862 3134 largus
876 3069 971 3113 cruor
993 3047 1173 3112 hostiarum

233 3246 247 3293 1
271 3239 423 3309 ipsi-sed
445 3243 539 3311 agent.
559 3241 693 3324 &lupara
712 3243 805 3324 K.II‚⁸
825 3242 941 3306 Butler„
959 3238 1116 3310 ipso—sed
1136 3240 1173 3294 ab

156 3312 263 3436 ἓξὲξ,
276 3312 1174 3450 iioiiiiiildi,iridefesiadll'isltoaliilfiridrivtiiiia3liioiirini.?aemdsfecii

142 3453 251 3508 Baehr.
330 3460 364 3510 29
392 3454 521 3510 studium
539 3456 569 3512 at
585 3453 664 3510 lavor
685 3456 795 3522 Busta,
810 3456 885 3524 prob.
905 3455 1056 3509 Barthard
1069 3471 1100 3524 p.
1112 3458 1174 3510 162.

130 3526 172 3574 30
184 3525 285 3587 omae
295 3529 375 3584 enot.
387 3529 463 3586 cora.
474 3531 525 3600 K„
535 3531 619 3604 prob.
630 3527 741 3585 Baua.
752 3545 782 3598 p.
792 3530 855 3592 162,
867 3525 1178 3588 emmerammum„

117 3594 242 3651 enotuit
259 3616 287 3655 o.
310 3600 451 3661 innotuit
470 3605 568 3674 codd„
586 3601 700 3661 indicio
721 3597 837 3656 enotuit
853 3596 927 3651 Ka.
1181 3631 1185 3637 -
