2506 3862
401 211 658 267 EPISTULARUM
676 212 701 266 V
721 218 797 266 1-3,
1043 213 1107 279 113

93 380 163 445 eius
191 378 342 462 aeeipias,
370 398 466 460 quam
493 380 603 441 tamen
630 398 689 461 ego
718 376 851 460 augebo.
894 375 963 442 Seis
986 381 1018 441 te
1041 396 1162 444 nonio

94 469 322 551 subscripsisse
344 486 483 549 meeum,
512 470 543 529 et
566 467 630 529 iam
654 466 819 530 biennium
848 467 1012 549 transisse,
1041 489 1107 531 om·
1123 486 1134 497 ·‘

94 559 213 641 niaque
235 579 287 621 me
309 577 370 620 usu
393 555 522 638 cepisse.
555 553 619 620 Sed
641 558 678 619 ut
700 558 733 619 te
760 554 930 620 coheredes
958 557 1022 620 mei
1044 559 1108 620 tra-

95 646 298 711 ctabiliorem
321 645 533 728 experiantur,
556 648 657 727 utque
679 644 740 708 tibi
767 644 849 708 nihil
870 644 1038 709 abstulerit
1060 667 1108 710 re-

65 736 239 802 sverentia
261 735 338 816 mei,
361 733 460 797 offero
483 752 541 816 pro
570 755 641 798 mea
667 737 759 817 parte
786 733 995 798 tantundem?
1033 732 1160 803 Tulin

94 826 237 889 fructum
265 844 331 886 non
357 824 570 888 eonscientiae
598 821 708 906 modo,
735 845 847 888 verum
875 825 971 887 etiam
994 823 1107 888 famae.

94 912 156 978 Ille
183 934 259 998 ergo
289 910 445 976 Curianus
471 913 615 996 legatum
648 912 728 975 mihi
759 913 890 996 reliquit
923 915 955 976 et
986 912 1109 977 factum

96 1025 213 1084 meum,
232 1003 295 1066 nisi
316 1001 400 1064 forte
423 1000 571 1064 blandior
594 1001 683 1081 mihi,
702 1002 870 1085 antiquum
893 1002 1031 1065 notabili
1052 1002 1109 1067 ho·

96 1113 175 1156 nore
199 1091 346 1176 signavit.

54 1208 81 1248 so
163 1179 253 1245 Haeo
275 1180 337 1244 tibi
360 1180 486 1263 scripsi,
514 1180 590 1263 quia
617 1179 656 1242 de
682 1179 841 1263 omnibus,
870 1202 951 1263 quae
978 1202 1030 1244 me
1057 1181 1110 1244 vel
1130 1200 1161 1249 12

98 1269 258 1335 delectant
280 1270 333 1332 vel
355 1272 487 1354 angmt,
515 1289 581 1332 non
604 1269 696 1332 aliter
723 1271 830 1333 tecum
858 1290 954 1353 quam
982 1289 1109 1333 meeum

97 1360 189 1442 loqui
212 1360 313 1441 soleo,
337 1356 450 1422 deinde
470 1356 557 1441 quod
575 1357 690 1421 durum
710 1357 933 1422 existimabam
952 1362 985 1423 te
1003 1381 1110 1422 aman-

97 1449 260 1512 tissimum
283 1448 348 1511 mei
365 1446 512 1510 fraudare
535 1448 710 1531 voluptate,
730 1469 825 1530 quam
850 1448 917 1530 ipse
937 1449 1110 1531 sapiebam.

97 1536 212 1620 Neque
240 1538 325 1601 enim
354 1557 425 1600 sum
453 1539 520 1600 tam
549 1538 687 1620 sapiens,
717 1540 754 1600 ut
776 1535 859 1599 nihil
882 1559 952 1600 mea
976 1538 1111 1617 intersit,
1131 1557 1164 1606 13

55 1651 84 1693 rs
99 1648 142 1691 an
164 1627 212 1709 iis,
236 1648 317 1709 quae
335 1625 469 1689 honeste
489 1625 603 1690 fecisse
621 1647 672 1689 me
692 1625 795 1708 oredo,
814 1625 998 1689 testificatio
1018 1647 1111 1709 quae-

100 1715 174 1779 dam
198 1718 230 1779 et
254 1716 346 1798 quasi
367 1716 546 1798 praemium
571 1713 708 1778 accedat.
745 1714 834 1779 Vale.

589 1878 627 1936 Π.

250 1980 277 2027 c.
301 1980 440 2028 annuus
465 1980 664 2028 canruamo
688 1980 824 2028 annoso
849 1980 915 2029 suo
940 1980 966 2029 s.

56 2092 60 2113 ¹
167 2068 288 2154 Aeoepi
319 2071 552 2154 pulcherrimos
584 2069 710 2153 turdos,
744 2091 816 2135 eum
854 2072 970 2155 quibus
1002 2092 1146 2156 parem1

59 2186 87 2226 ao
101 2160 261 2224 caleulum
288 2180 407 2243 ponere
434 2180 493 2224 nee
519 2160 608 2224 urbis
637 2161 738 2243 copiis
766 2183 805 2225 ex
832 2160 1028 2225 Laurentino
1054 2181 1113 2226 neo

101 2251 199 2314 maris
226 2253 292 2313 tam
326 2248 463 2313 turbidis
496 2249 741 2333 tempestatibus
773 2270 914 2333 possum.
965 2250 1148 2334 Recipiesa

102 2359 179 2423 ergo
212 2338 365 2422 epistulas
398 2339 521 2402 steriles
554 2342 586 2402 et
618 2339 806 2422 simpliciter
838 2339 980 2424 ingratas
1009 2360 1046 2403 ao
1073 2361 1114 2403 ne

103 2428 193 2491 illam
217 2426 346 2510 quidem
370 2428 546 2491 sollertiam
565 2427 731 2492 Diomedis
755 2429 789 2491 in
809 2427 1021 2512 permutando
1046 2450 1114 2490 mu-

103 2538 179 2580 nere
210 2517 380 2580 imitantes.
426 2514 502 2599 Sed,
534 2538 616 2600 quae
647 2515 785 2581 facilitas
816 2521 886 2601 tua,
916 2517 980 2581 hoo
1011 2518 1114 2603 magis

63 2604 196 2671 sedabis
219 2606 354 2688 veniam,
379 2604 465 2688 quod
488 2627 521 2669 se
544 2627 610 2669 non
632 2608 748 2670 mereri
770 2606 920 2670 fatentur.
967 2604 1057 2671 Vale.

584 2770 638 2829 111.

294 2871 321 2917 c.
345 2870 484 2919 surmus
509 2871 604 2920 r1u10
628 2872 794 2920 samsom
816 2872 881 2919 suo
906 2872 931 2920 s.

77 3019 78 3022 ,
174 2958 255 3025 Cum
286 2962 425 3045 plurima
458 2960 565 3026 officia
596 2965 652 3026 tua
683 2963 764 3026 mihi
796 2966 887 3047 grata
919 2966 950 3028 et
978 2963 1150 3030 iucunda1

108 3054 183 3115 sunt
205 3053 275 3114 tum
298 3051 349 3113 vel
371 3050 519 3134 maxime,
538 3051 625 3134 quod
647 3074 699 3116 me
722 3051 889 3116 celandum
907 3074 973 3116 non
995 3054 1117 3136 putasti

67 3165 94 3206 eo
107 3139 206 3203 fuisse
229 3138 314 3222 apud
336 3142 368 3203 te
388 3138 426 3203 de
448 3140 613 3204 versieulis
632 3142 711 3205 meis
730 3142 866 3204 multum
888 3143 1116 3225 copiosumque

109 3249 297 3312 sermonem,
320 3250 456 3311 eumque
479 3229 663 3293 diversitate
684 3229 875 3295 iudiciorum
893 3231 1022 3314 longius
1044 3252 1117 3314 pro-

110 3318 250 3402 cessisse,
273 3318 432 3382 exstitisse
456 3320 552 3383 etiam
576 3318 741 3402 quosdam,
765 3320 820 3402 qui
846 3320 964 3402 scripta
987 3318 1116 3402 quidem

109 3408 180 3490 ipsa
201 3427 268 3470 non
290 3407 506 3490 inprobarent,
528 3430 579 3473 me
602 3412 711 3473 tamen
738 3409 842 3473 amioe
867 3409 1133 3490 simpheitenuua

168 3601 186 3648 8
204 3597 384 3667 antiquorum
406 3603 540 3676 BFpra
561 3610 739 3683 (antiquom
754 3608 795 3682 lt.

139 3691 211 3732 Pam
222 3694 373 3741 Emeum,
1011 3685 1038 3734 ὶ
