2506 3862
74 204 113 256 lV
477 203 681 257 PRAEFATIO

144 373 353 449 Epistularum
371 372 451 430 Plini
470 373 507 430 ad
526 372 687 431 Traianum
708 375 737 431 et
756 373 878 430 Traiani
897 372 934 430 ad
952 371 1085 430 Plinium

79 454 201 542 (quibus
229 480 282 520 nos
311 464 344 520 in
371 461 562 521 adnotatione
590 463 674 520 etin
696 461 793 520 indice
815 461 971 521 brevitatis
994 480 1085 520 causa

78 569 185 610 nomen
209 551 236 608 X
263 550 334 609 libri
362 550 398 610 ab
426 549 504 609 Aldc
533 551 637 609 datum
663 541 851 631 reliquimus)
880 550 997 627 nullum
1024 553 1085 608 iam

75 640 187 698 librum
204 642 454 715 manuscriptum
472 639 638 714 habuimus
653 641 793 714 quoniam
810 640 901 715 periit
922 641 958 712 is,
972 657 1006 696 ex
1025 658 1084 715 quo

76 729 226 788 Aventius
246 748 271 787 a.
289 730 373 787 1502
394 729 536 804 epistulas
551 729 712 803 41—121,
730 726 824 786 Aldus
844 747 869 786 a.
889 728 972 786 1508
993 730 1084 786 etiam

77 820 189 893 primas
213 817 413 894 quadraginta
438 816 601 876 ediderunt.
646 816 734 875 Nunc
757 815 864 875 Oxonii
887 816 1017 875 codicem
1039 817 1083 873 in·

75 910 197 965 ventum
220 924 281 965 esse
305 906 402 965 audio.

142 994 191 1053 Ad
219 997 393 1072 panegyrici
422 996 621 1053 recensionem
652 996 770 1070 praeter
801 1011 909 1069 parvas
942 994 1085 1070 reliquias

76 1084 262 1160 palimpsesti
279 1083 510 1143 Ambrosieni
529 1075 579 1163 (de
598 1083 704 1158 quibus
723 1103 751 1142 11.
769 1082 836 1141 Keil
857 1081 916 1140 ind.
935 1081 1003 1140 Hal.
1023 1082 1082 1141 bib.

79 1163 179 1253 1869)
202 1173 297 1231 multo
320 1172 456 1231 meliores
478 1172 569 1231 libros
592 1191 684 1247 quam
705 1171 820 1230 Keilius
841 1170 978 1229 adhibuit
999 1170 1085 1232 Aem.

74 1261 257 1320 Baehrens
283 1263 316 1319 in
342 1263 589 1338 penegyriccrum
617 1260 745 1320 editione
769 1261 915 1334 111874,
938 1261 1083 1336 optimum

75 1346 207 1410 omnium
229 1349 480 1425 Upsaliensem
499 1349 526 1408 A
543 1348 634 1425 praef.
654 1369 682 1425 p.
697 1348 902 1427 XXI—XXV,
924 1342 1084 1424 postquam

75 1434 185 1497 ‘Plinii
206 1441 404 1516 panegyricus
426 1440 488 1496 iam
509 1440 671 1514 impressus
694 1433 782 1497 erat'.

96 1582 98 1587 ,
140 1529 205 1604 Ego
228 1528 284 1586 hoc
305 1527 380 1586 mihi
402 1528 552 1603 proposui,
576 1529 610 1585 ut
632 1527 768 1603 neglecta
789 1527 919 1603 plurima
949 1527 1083 1586 codicum

76 1620 105 1676 et
128 1619 288 1675 ceterorum
313 1616 462 1676 editorum
484 1612 685 1691 discrepantia
703 1634 738 1674 ea
756 1619 900 1689 notarem,
923 1614 1085 1691 inquibus

75 1725 94 1764 a
117 1705 216 1764 Keilio
240 1709 270 1765 et
292 1701 472 1764 Baehrensio
494 1706 568 1764 haec
591 1705 683 1763 editio
707 1705 894 1780 discreparet.

142 1971 306 2046 Postquam
333 1989 384 2030 sex
411 1972 524 2048 primae
551 1971 640 2030 huius
668 1971 808 2030 editionis
835 1971 975 2047 plagulae
1003 1971 1085 2047 typis

76 2078 229 2136 expressae
250 2062 328 2136 sunt,
349 2062 475 2138 cognovi
495 2061 556 2119 iam
578 2079 655 2121 anno
679 2061 762 2120 1895
784 2059 1012 2119 Riccardianum
1036 2079 1082 2118 co-

77 2149 170 2208 dicem
184 2149 352 2208 Florentiae
367 2149 403 2207 ab
418 2149 452 2206 E.
465 2148 497 2207 Τ.
510 2149 673 2208 Merrillo
688 2149 912 2226 diligentissime
927 2166 1083 2207 excussum

78 2239 201 2314 eiusque
225 2257 332 2313 operae
351 2237 497 2297 rationem
515 2237 661 2296 redditam
684 2256 746 2296 esse
769 2238 801 2295 in
824 2232 902 2295 ‘The
925 2237 1085 2295 American

77 2327 204 2386 Journal
223 2327 257 2385 of
272 2321 445 2403 Philology’
468 2326 523 2385 vol.
542 2326 614 2384 xvi
631 2346 659 2402 p.
675 2327 857 2385 468-490.
890 2325 962 2382 Inde
981 2327 1084 2400 repeto

76 2418 162 2475 haec:
198 2437 227 2492 p.
244 2419 271 2472 1.
291 2417 309 2473 6
334 2416 490 2474 01001.-
516 2415 608 2491 paulo
631 2414 862 2473 accuratius-
887 2415 926 2472 18
952 2417 1020 2473 ante
1042 2447 1080 2454 -

77 2508 105 2562 2.
123 2506 164 2563 28
188 2505 318 2563 triclinia
346 2504 399 2562 illa
425 2502 555 2581 popine?
583 2503 655 2579 quid
682 2501 824 2579 euripus?
848 2502 920 2578 quid
947 2502 1083 2562 cubicula

79 2627 116 2634 -
146 2595 209 2653 3.4
233 2595 336 2652 excute
356 2625 397 2635 -
421 2595 485 2651 4.7
510 2596 563 2653 aut
584 2624 620 2634 -—
649 2594 688 2650 19
712 2594 777 2649 tum
795 2624 838 2632 -
863 2594 904 2650 20
928 2591 1001 2667 quid
1019 2611 1084 2651 sen-

77 2683 152 2740 tiam
173 2715 212 2722 —
239 2684 280 2740 24
305 2701 416 2758 quaero
436 2699 490 2741 om.
509 2714 553 2723 -
572 2682 600 2740 5.
621 2683 639 2738 2
664 2681 763 2757 inquit
783 2681 889 2740 babent
905 2682 992 2754 Fpr,
1011 2683 1084 2755 KI,

77 2771 140 2829 cco
166 2771 349 2844 1129500,
378 2788 431 2829 cm.
460 2774 546 2830 ctiam
572 2771 615 2845 R,
637 2770 724 2829 ΚΠ
749 2801 794 2810 -
822 2772 862 2830 29
891 2770 990 2846 inquit
1018 2775 1085 2830 cctc

76 2861 260 2936 interrogavi
273 2860 355 2932 Fpr‚
370 2877 424 2918 om.
440 2862 526 2919 ctiam
539 2860 568 2918 R
586 2891 630 2900 -
651 2860 678 2917 6.
696 2859 735 2917 18
755 2859 866 2934 plinius
887 2892 928 2900 —
948 2860 976 2917 8.
994 2864 1011 2919 9
1031 2878 1083 2917 no·

77 2952 156 3007 tasse
169 2980 213 2988 —
234 2950 273 3007 26
294 2949 427 3024 optinere
445 2981 488 2989 -
507 2951 535 3007 9.
552 2948 592 3007 35
612 2948 738 3024 gloriam
756 2966 815 3006 non
834 2980 878 2988 —
898 2951 948 3007 10.
966 2952 983 3008 7
1003 2948 1083 3024 quod

77 3071 118 3078 -
143 3038 162 3095 8
187 3037 326 3113 culpatur
345 3070 386 3078 —
412 3041 461 3098 11.
478 3039 517 3096 32
542 3037 616 3096 mihi
634 3040 735 3095 tamen
756 3069 798 3078 -
824 3040 929 3095 1221
956 3037 1084 3113 quando,

75 3144 135 3184 noc
153 3126 330 3202 quandoque
349 3158 393 3166 —
412 3127 537 3204 contigit
555 3158 599 3168 ·—
619 3128 658 3185 31
679 3126 789 3185 bonum
810 3159 851 3166 —
877 3127 983 3184 13.18
1004 3144 1084 3183 acer-

77 3215 135 3274 sita
155 3247 196 3256 —
221 3216 262 3273 25
286 3217 420 3291 pignora,
438 3233 498 3274 ccc
515 3215 639 3292 pignere
659 3247 699 3256 -
726 3217 809 3273 14.2
834 3214 1021 3272 incredibiles
1041 3245 1082 3254 -

78 3305 118 3362 32
144 3323 199 3380 ego
228 3336 269 3344 -
296 3304 452 3363 fortissimi
478 3307 573 3362 morte
604 3336 641 3345 -
675 3304 781 3363 15.18
810 3305 874 3360 tum
902 3294 960 3383 (bis
982 3295 1011 3382 ?)
1041 3334 1082 3342 —

82 3394 131 3451 16.
148 3394 187 3451 16
207 3392 334 3451 milicius
348 3393 522 3452 aemilianus
541 3393 744 3452 scilianus-
760 3394 809 3450 17.
826 3393 865 3452 25
885 3391 1021 3466 perit-
1041 3392 1082 3448 27

76 3481 214 3541 comoedo
239 3513 277 3522 -
306 3483 410 3540 1813
435 3481 517 3540 audii
544 3514 585 3522 —
611 3484 650 3540 18
676 3483 764 3556 aptae
791 3511 835 3520 —
859 3482 901 3537 24
925 3478 1003 3537 idem
1028 3480 1081 3554 qui

76 3570 108 3628 in
131 3570 314 3652 orationibus
342 3571 402 3629 suis
428 3574 473 3630 est
499 3602 543 3611 -
572 3573 655 3631 19.1
681 3588 755 3645 quas
776 3586 832 3627 om.
860 3600 904 3610 -
933 3570 951 3626 3
976 3568 1084 3646 dignus
