2506 3862
367 213 623 268 EPISTULARUM
640 214 666 268 v
684 219 727 281 ro,
746 218 788 267 τι.
1021 211 1084 277 137

75 401 145 442 sum
166 378 304 461 epistula
322 382 538 461 exsecuturus,
557 381 594 441 ut
612 376 769 441 desideres
789 377 956 441 actionem.
990 373 1087 459 Nam,

75 467 102 531 si
125 489 237 530 verum
261 471 310 532 est
331 466 540 532 Homericum
564 466 660 530 illud:

76 575 162 657 ’τὴν
184 575 256 658 γὰρ
281 573 422 657 ἀοιδὴν
444 579 592 654 μᾶλλον
611 569 846 638 ἐπικλείουο)
870 573 1087 655 ἅνθρωποι,

73 663 94 746 ἥ
117 686 175 738 τις
199 661 459 728 ἀκουόντεσσι
482 661 652 746 νεωτάτη
675 660 971 746 ἀμφιτέληται,’

35 784 59 836 '5
74 768 308 853 providendum
331 772 380 833 est
402 769 492 852 mihi,
514 791 555 832 ne
578 769 715 854 gratiam
738 769 891 832 novitatis
910 771 942 832 et
965 767 1088 850 florem,

74 880 156 941 quae
198 859 432 922 oratiunculam
473 859 562 922 illam
604 859 656 922 vel
696 858 835 922 maxime
876 857 1088 938 commendat,

74 948 231 1031 epistulae
253 948 449 1029 loquacitate
471 967 685 1031 praecerpam.
731 945 821 1010 Vale.

490 1112 568 1170 XXI.
593 1109 672 1189 [ΙΧ.]

215 1213 243 1262 G.
267 1212 406 1261 PLINIUS
429 1213 585 1261 POMPEIO
610 1213 808 1261 SATURNINO
833 1212 898 1261 SUO
923 1211 948 1259 S.

34 1330 60 1370 ro
141 1302 238 1367 Varie
270 1326 322 1367 me
354 1303 541 1368 adfecerunt
570 1303 698 1367 litterae
733 1307 821 1386 tuae3
856 1324 930 1366 nam
967 1303 1121 1385 partim1

72 1393 166 1475 laeta,
185 1393 303 1477 partim
322 1393 428 1458 tristia
447 1392 664 1476 continebant,
682 1391 776 1474 laeta,
800 1391 887 1474 quod
905 1395 937 1455 te
955 1392 989 1455 in
1006 1392 1086 1456 urbe

74 1483 175 1546 teneri
207 1482 401 1547 nuntiabant
429 1478 605 1568 (‘Nollem'
638 1482 759 1566 inquis,
791 1480 862 1545 ‘sed
894 1502 954 1566 ego
986 1478 1087 1567 volo),
1114 1533 1120 1545 .

74 1575 238 1654 praeterea
262 1571 348 1653 quod
371 1571 588 1654 recitaturum,
612 1571 721 1635 statim
742 1574 781 1634 ut
802 1570 969 1653 venissem,
992 1569 1086 1654 polli-

75 1660 237 1725 cebantur.
273 1658 346 1746 Ago
377 1661 510 1746 gratias,
541 1659 628 1742 quod
656 1663 813 1744 expector.
859 1658 964 1722 Triste
996 1657 1122 1741 illudo

35 1775 60 1815 rs
75 1750 162 1832 quod
184 1747 286 1813 lulius
304 1748 425 1814 Valens
453 1749 594 1834 graviter
616 1748 711 1834 iacet,
740 1768 933 1831 quamquam
960 1770 1001 1812 ne
1023 1747 1087 1811 hoc

75 1838 205 1921 quidem
232 1839 338 1922 triste,
366 1839 394 1902 si
426 1839 513 1902 illius
545 1837 741 1902 utilitatibus
773 1837 967 1920 aestimetur,
996 1837 1086 1901 cuius

75 1927 210 1992 interest
228 1947 325 2009 quam
343 1926 560 1992 maturissime
579 1927 798 2010 inexplicabili
816 1926 930 1991 morbo
948 1926 1086 1990 liberari.

75 2013 162 2079 Illud
183 2016 279 2098 plane
301 2037 368 2079 non
390 2016 482 2080 triste
506 2018 620 2099 solum,
639 2038 750 2080 verum
774 2017 870 2080 etiam
893 2017 1087 2098 luctuosum,
1106 2033 1123 2082 3

75 2104 163 2186 quod
189 2101 292 2168 Iulius
319 2102 436 2168 Avitus
465 2104 609 2188 decessit,
637 2106 713 2169 dum
741 2127 779 2169 ex
803 2108 974 2188 quaestura
995 2104 1087 2188 redit,

34 2219 61 2258 ao
76 2193 211 2258 decessit
239 2193 274 2256 in
300 2193 384 2278 navi,
412 2194 525 2277 procul
553 2216 571 2257 a
598 2194 697 2258 fratre
722 2194 952 2276 amantissimo,
974 2193 1088 2277 procul

75 2305 94 2346 a
121 2287 232 2366 matre,
263 2304 282 2345 a
312 2283 483 2347 sororibus.
528 2281 622 2347 Nihil
650 2285 712 2347 ista
740 2283 781 2347 ad
803 2287 966 2347 mortuum
990 2283 1124 2365 perti-4

74 2376 161 2454 nent,
193 2371 249 2435 sed
280 2372 512 2455 pertinuerunt,
545 2393 617 2436 curn
645 2376 831 2454 moreretur,
858 2372 1020 2455 pertinent
1047 2370 1088 2434 ad

74 2460 143 2544 hos,
171 2461 228 2544 qui
256 2464 440 2544 supersunt3
470 2462 534 2526 iam
563 2461 649 2545 quod
676 2463 711 2524 in
738 2461 816 2525 flore
846 2461 951 2544 primo
979 2463 1087 2524 tantae

76 2549 192 2613 indolis
221 2550 345 2614 iuvenis
373 2551 534 2615 extinctus
566 2554 615 2614 est
642 2572 767 2614 summa
795 2553 1033 2632 consecuturus,
1060 2548 1088 2612 si

36 2663 61 2703 as
76 2638 210 2702 virtutes
234 2640 302 2702 eius
325 2638 562 2704 maturuissent.
604 2638 675 2715 Quo
698 2638 753 2703 ille
777 2639 956 2703 studiorum
979 2656 1124 2704 amores

75 2726 245 2811 flagrabatl
265 2731 424 2810 quantum
441 2728 529 2814 legit,
549 2731 706 2811 quantum
725 2729 822 2792 etiam
842 2726 982 2810 scripsit!
1007 2747 1088 2810 quae

75 2836 161 2880 nunc
185 2816 292 2880 omnia
311 2837 385 2881 cum
404 2816 475 2899 ipso
498 2817 567 2882 sine
584 2817 693 2882 fructu
710 2816 909 2900 posteritatis
932 2815 1087 2880 abierunt.

77 2902 140 2970 Sed
163 2905 240 2988 quid
263 2926 324 2990 ego
347 2905 499 2990 indulgeo
524 2905 649 2970 dolori?
678 2907 730 2970 cui
753 2905 780 2969 si
803 2906 911 2970 frenos
933 2905 1125 2988 remittas,o

75 2993 165 3058 nulla
183 2995 317 3058 materia
334 3016 401 3059 non
418 2995 558 3058 maxima
577 2998 633 3060 est.
657 2993 769 3059 Finem
789 2995 944 3078 epistulae
962 2994 1089 3075 faciam,

36 3108 62 3148 eo
75 3087 113 3146 ut
144 3084 248 3147 facere
280 3084 402 3166 possim
435 3085 532 3148 etiam
564 3084 719 3166 lacrimis,
751 3105 831 3169 quas
868 3083 1007 3167 epistula
1037 3104 1088 3146 ex-

76 3173 202 3256 pressit.
248 3170 338 3237 Vale.

148 3331 266 3383 3Hom.
286 3350 305 3382 α
320 3333 380 3384 351.
454 3327 649 3383 aPOMPEJO
665 3330 729 3384 add.
744 3346 778 3384 eor
792 3330 867 3384 Ricc.
941 3334 973 3381 19
991 3327 1089 3380 Iunius

75 3399 125 3453 Av.
141 3401 179 3454 K.
194 3401 264 3470 disp.
275 3402 362 3455 1110.
436 3406 469 3454 19
489 3400 617 3467 decessit,
635 3400 756 3454 decessit
770 3401 837 3454 dum
852 3401 895 3466 M,
908 3401 955 3454 sed
969 3397 1095 3451 decessit

72 3472 166 3540 priore
194 3473 250 3526 loco
277 3473 309 3525 ic
335 3473 390 3538 (iae
413 3473 536 3545 papiam
564 3472 667 3544 scripto
695 3479 722 3530 et
750 3472 854 3539 delato,
880 3471 986 3536 seseq
1006 3470 1119 3522 bussu-
1246 3534 1250 3539 ι

76 3544 109 3609 cfl
132 3544 238 3609 mr,
261 3543 349 3599 VJIc.
361 3549 385 3600 1.

474 3720 721 3732 *—
