2506 3862
406 221 658 276 PANEGYRICUS
678 227 703 274 4.
714 237 727 275 a
738 253 770 261 —
782 227 806 274 6.
816 237 836 274 a.
1061 221 1127 285 305

114 388 172 450 aut
190 386 318 449 sinister
340 387 466 449 volatus
490 387 596 449 avium
616 385 856 449 consulentibus
873 386 1043 472 nuntiavit,
1067 386 1128 450 tibi

114 473 302 538 ascendenti
313 474 351 538 de
365 495 453 538 more
469 473 663 558 Capitolium
682 497 876 558 quamquam
894 496 961 538 non
981 475 1014 538 id
1032 497 1128 560 agen-

114 564 197 628 tium
221 563 338 627 civium
362 565 483 627 clamor
505 565 623 627 utiam
641 565 779 647 principi
799 565 945 644 occurrit,
968 563 1127 646 siquidem
1146 581 1163 626 4

116 653 220 716 omnis
244 652 347 735 turba,
370 675 451 736 quae
473 653 573 717 limen
591 653 759 735 insederat,
778 653 818 717 ad
834 654 1016 738 ingressum
1034 656 1127 716 tuum

88 740 239 811 ,rioribus
257 741 391 806 reclusis
409 740 465 804 illa
484 743 621 825 quidem,
640 745 678 805 ut
690 746 769 806 tunc
782 741 1005 825 arbitrabatur,
1023 743 1128 824 deum,

116 834 266 913 ceterum,
284 835 321 895 ut
340 830 449 894 docuit
463 835 604 914 eventus,
618 835 651 895 te
665 831 880 895 consalutauit
893 832 1130 914 imperatorem.

115 917 184 984 Neo
212 920 305 982 aliter
332 943 350 982 a
379 921 504 997 cunctis
532 942 627 984 omen
654 924 822 1004 acceptum
850 924 907 984 est.
952 919 1037 984 Nam
1060 920 1128 1003 ipse
1147 935 1169 982 a

116 1007 302 1092 intellegere
316 1008 461 1090 nolebas,
478 1008 647 1073 recusabas
663 1009 748 1072 enim
767 1010 933 1092 imperare,
950 1008 1130 1091 recusabas,

117 1096 203 1178 quod
235 1097 314 1162 bene
347 1102 414 1162 erat
447 1098 642 1181 imperaturi.
701 1096 819 1182 Igitur,
837 1099 998 1183 cogendus
1029 1099 1164 1162 fuistis

77 1215 102 1254 ro
117 1183 197 1271 Cogi
220 1208 316 1269 porro
339 1209 405 1250 non
427 1191 555 1270 poteras
578 1188 642 1251 nisi
669 1188 811 1270 periculo
839 1189 961 1270 patriae
984 1191 1017 1251 et
1038 1191 1130 1251 nuta-

117 1276 204 1339 tione
222 1276 269 1339 rei
287 1275 444 1359 publicae.
475 1274 679 1341 Obstinatum
699 1278 784 1340 enirn
807 1276 868 1340 tibi
885 1298 952 1340 non
970 1277 1130 1359 suscipere

116 1365 301 1448 imperium,
332 1365 396 1428 nisi
428 1366 617 1430 servandum
647 1366 769 1430 fuisset.
816 1363 919 1441 Quare
947 1387 1007 1451 ego
1037 1366 1165 1429 illum?

117 1456 222 1538 ipsum
254 1454 396 1518 furorem
429 1458 616 1538 motumque
649 1459 842 1518 castrensem
874 1476 946 1518 reor
978 1454 1131 1536 extitisse,

117 1545 192 1627 quia
208 1565 325 1628 magna
339 1543 372 1606 vi
391 1565 572 1627 magnoque
591 1548 712 1613 terrore
730 1542 888 1607 modestia
902 1546 957 1605 tua
975 1543 1130 1607 vincenda

77 1660 102 1700 rs
118 1636 192 1695 erat.
244 1631 305 1714 Ac,
338 1633 421 1695 sicut
452 1633 548 1695 maris
582 1632 725 1714 caelique
761 1633 948 1714 temperiem
985 1632 1165 1695 turbines8

117 1725 386 1804 tempestatesque
419 1722 656 1802 commendant,
688 1722 733 1784 ita
764 1720 804 1783 ad
832 1720 1010 1805 augendam
1042 1721 1130 1802 pacis

117 1813 191 1873 tuae
214 1811 350 1894 gratiam
381 1811 473 1872 illum
496 1811 671 1873 tumultum
702 1811 911 1893 praecessisse
934 1808 1131 1873 crediderim.

116 1897 224 1962 Habet
255 1900 313 1963 has
346 1901 431 1962 vices
464 1898 608 1963 condicio
640 1899 840 1981 mortalium,
871 1903 908 1961 ut
937 1898 1069 1962 adversa
1092 1915 1165 1962 exe

56 2064 58 2067 Ι
117 1988 280 2069 secundis,
322 2009 361 2050 ex
402 1988 541 2052 adversis
584 1988 721 2051 secunda
757 1991 936 2051 nascantur.
984 1984 1132 2051 Occultat

77 2105 105 2144 ao
117 2080 328 2159 utrorumque
347 2078 470 2141 semina
488 2078 574 2159 deus,
597 2080 629 2140 et
647 2079 836 2160 plerumque
855 2077 1013 2140 bonorum
1032 2077 1132 2140 malo-

117 2188 252 2248 rumque
285 2188 398 2230 causae
430 2167 489 2230 sub
522 2166 646 2230 diversa
678 2167 782 2249 specie
813 2167 922 2230 latent.
977 2165 1172 2249 Magnumb

119 2255 247 2337 quidem
277 2256 358 2318 illud
386 2257 512 2319 saeculo
545 2255 694 2338 dedecus,
726 2277 879 2340 magnum
911 2255 958 2318 rei
984 2254 1132 2337 publicae

117 2346 234 2408 vulnus
267 2346 456 2427 impressum
490 2348 553 2427 est,
585 2345 760 2427 imperator
792 2348 824 2407 et
855 2365 969 2427 parens
1007 2344 1132 2428 generis

117 2432 250 2500 humani
283 2433 445 2516 obsessus,
476 2437 601 2516 captus,
634 2435 789 2513 inclusus,
822 2432 928 2496 ablata
959 2432 1132 2496 mitissimo

78 2548 105 2589 rs
119 2522 187 2586 seni
211 2522 440 2586 servandorum
463 2521 632 2586 hominum
655 2526 796 2605 potestas
821 2525 1028 2604 ereptumque
1047 2521 1133 2604 prin-

120 2612 183 2694 cipi
198 2611 279 2674 illud
297 2612 331 2675 in
345 2612 527 2694 principatu
542 2612 773 2693 beatissimum,
792 2610 878 2693 quod
896 2609 979 2674 nihil
998 2611 1133 2695 cogitur.

120 2697 154 2762 Si
178 2703 286 2763 tamen
309 2700 388 2763 haec
411 2702 479 2764 sola
502 2704 570 2763 erat
587 2701 680 2783 ratio,
704 2722 785 2782 quae
803 2704 835 2763 te
853 2699 1001 2784 publicae
1019 2701 1167 2763 salutisa

119 2788 344 2873 gubernaculis
369 2789 566 2871 admoveret,
588 2811 688 2873 prope
712 2793 773 2871 est,
796 2793 833 2852 ut
856 2790 1031 2852 exclamem
1050 2789 1133 2852 tanti

118 2878 226 2949 firisse.
273 2876 431 2961 Corrupta
459 2882 507 2941 est
535 2879 705 2961 disciplina
727 2881 918 2960 castrorum,
948 2881 984 2941 ut
1007 2881 1043 2941 tu
1066 2898 1133 2941 cor-

78 2995 107 3035 ro
119 2970 225 3035 rector
248 2967 497 3049 emendatorque
521 2969 735 3050 contingeres,
767 2967 934 3031 inductum
957 2967 1132 3049 pessimum

120 3058 313 3139 exemplum,
335 3060 372 3119 ut
395 3056 554 3139 optimum
578 3060 800 3139 opponeretur,
822 3059 984 3139 postremo
1004 3059 1133 3120 coactus

119 3147 280 3229 princeps,
314 3166 393 3227 quos
417 3145 547 3208 nolebat
554 3195 562 3228 ,
591 3145 748 3228 occidere,
777 3149 813 3208 ut
836 3145 1134 3228 daretprincipem,

121 3235 176 3316 qui
204 3235 277 3320 cogi
304 3256 370 3298 non
397 3238 513 3317 posset.
561 3232 646 3298 Olim
681 3239 717 3298 tu
748 3233 877 3317 quidem
900 3232 1046 3316 adoptari
1069 3249 1169 3296 me-:r

120 3323 244 3406 rebare3
259 3323 314 3388 sed
327 3323 549 3407 nescissemus,
564 3326 719 3405 quantum
734 3323 796 3386 tibi
810 3322 939 3408 deberet
952 3320 1134 3404 imperium,

79 3434 107 3475 ss
121 3411 149 3475 si
173 3416 246 3475 ante
270 3412 441 3496 adoptatus
463 3434 555 3476 esses.
592 3411 807 3495 Expectatum
834 3414 883 3475 est
910 3414 1049 3491 tempus,
1069 3432 1134 3487 uuo

120 3500 258 3586 liqueret
275 3523 342 3565 non
360 3505 426 3566 tam
446 3502 609 3588 accepisse
625 3505 661 3584 te
675 3501 882 3567 benebdiurn
899 3517 1007 3578 uuam
1019 3494 1173 3552 1111111·

115 3585 270 3672 0011111811
290 3591 326 3654 in
351 3593 464 3667 sinum
487 3598 588 3662 tuum
614 3613 782 3661 concussa
801 3610 863 3654 res
887 3578 1055 3665 1111111111
1073 3580 1200 3629 mene·

1006 3677 1049 3722 *ὶῆ

153 3700 229 3741 Pam
240 3702 398 3750 Briarcus,
