2506 3862
131 184 194 248 152
564 183 592 239 O.
611 185 710 238 PLINI

130 348 269 432 pertinet
287 347 327 411 ad
345 351 435 411 tuam
451 349 587 433 gloriam
602 371 698 432 quam
717 348 892 412 maximum
916 348 1026 431 videri,
1045 370 1140 431 quem

94 437 292 520 opraecedis
319 438 370 500 vel
398 459 563 521 exaequas.
608 437 768 521 Equidem
797 439 911 519 omnis,
939 438 996 521 qui
1019 438 1140 520 aliquid

129 527 165 590 in
188 526 301 590 studiis
323 525 455 608 faciunt,
479 528 622 591 venerari
640 528 735 591 etiam
761 527 933 610 mirarique
952 526 1048 590 soleo.
1080 526 1141 591 Est

130 615 214 679 enim
238 638 289 679 res
313 615 467 698 difficilis,
499 615 610 700 ardua,
642 615 822 697 fastidiosa,
856 618 888 679 et
912 637 992 699 qnae
1020 637 1090 698 eos,
1122 638 1141 678 a

132 704 249 787 quibus
282 705 511 787 contemnitur,
542 705 680 769 invicem
713 708 904 768 contemnat.
954 702 1025 768 Nisi
1055 704 1139 767 forte
1168 727 1180 767 5

129 793 216 857 alind
239 794 360 858 iudicas
382 796 427 856 tu.
474 791 674 877 Quamquam
699 794 770 876 quis
798 815 862 857 uno
891 797 924 857 te
945 795 1141 858 reverentior

94 883 224 947 obuius
248 883 362 966 operis,
386 883 457 965 quis
481 882 651 967 benignior
673 880 879 946 aestimator?
925 880 994 957 Qua
1016 885 1140 946 ratione

128 972 242 1035 ductus
274 971 335 1035 tibi
365 972 568 1053 potissimum
598 971 853 1056 indignationem
876 993 981 1035 meam
1004 971 1140 1055 prodidi,

130 1082 226 1143 quem
249 1060 367 1124 habere
390 1062 513 1126 socium
538 1062 676 1125 maxime
699 1064 853 1144 poteram.
899 1059 987 1124 Vale.

579 1224 688 1283 XVHI.
1153 1243 1180 1282 ro

394 1325 422 1372 C.
445 1326 584 1373 PLINIUS
609 1325 733 1374 SABINO
758 1324 822 1373 SUO
847 1324 873 1373 S.

93 1433 106 1480 1
193 1413 317 1500 Rogas,
352 1419 389 1479 ut
424 1437 519 1501 agam
546 1414 771 1479 Firmanorum
802 1394 982 1498 publicam*
998 1437 1139 1498 causam;

128 1504 214 1587 quod
237 1525 314 1588 ego,
348 1526 542 1587 quamquam
564 1505 712 1588 plurimis
736 1504 1000 1588 occupationibus
1023 1505 1139 1569 disten-

127 1598 195 1677 tus,
222 1593 356 1657 adnitar.
403 1592 506 1677 Cupio
535 1594 620 1657 enim
648 1596 681 1657 et
708 1594 944 1658 ornatissimam
978 1595 1138 1658 coloniam

126 1683 344 1747 advocationis
373 1683 480 1746 officio
509 1686 541 1746 et
570 1686 603 1746 te
631 1683 813 1768 gratissimo
841 1683 902 1747 tibi
930 1705 1060 1747 munere
1084 1683 1179 1746 ob-15

91 1773 292 1857 astringere.
329 1770 424 1854 Nam,
448 1793 521 1836 cum
544 1771 796 1836 familiaritatem
820 1778 972 1853 nostram,
995 1776 1032 1836 ut
1054 1772 1137 1836 soles

125 1860 316 1944 praedicare,
339 1859 378 1923 ad
392 1860 585 1943 praesidium
608 1864 894 1943 ornamentumque
918 1861 978 1924 tibi
997 1883 1138 1944 sumpse-

126 1951 184 2032 ris,
215 1949 298 2013 nihil
329 1953 391 2031 est,
423 1949 510 2033 quod
537 1971 654 2034 negare
683 1950 827 2032 debeam,
859 1950 1046 2033 praesertim
1078 1971 1137 2033 pro

125 2039 231 2122 patria
253 2039 384 2121 petenti.
430 2036 515 2113 Quid
537 2039 622 2102 enim
645 2038 793 2122 precibus
817 2043 872 2103 aut
890 2038 1056 2103 honestius
1075 2040 1138 2122 piis

91 2142 107 2191 3
126 2131 183 2191 aut
206 2127 367 2190 efficacius
390 2126 551 2190 amantis?
581 2126 720 2191 Proinde
743 2126 900 2192 Firmanis
924 2129 988 2191 tuis
1012 2148 1050 2192 ac
1072 2129 1135 2191 iam
1151 2151 1179 2191 ao

125 2217 233 2300 potius
257 2215 376 2279 nostris
400 2213 509 2301 obliga
531 2214 627 2278 fidem
650 2237 767 2299 meam3
790 2238 871 2299 quos
893 2217 1004 2281 labore
1022 2222 1054 2282 et
1073 2221 1137 2280 stu-

125 2305 179 2369 dio
198 2326 270 2369 meo
290 2304 405 2390 dignos
420 2325 492 2368 cum
512 2304 663 2387 splendor
676 2305 820 2388 ipsorum
834 2309 904 2369 tum
918 2306 981 2370 hoc
999 2307 1138 2369 maxime

124 2395 305 2479 pollicetur,
329 2394 416 2476 quod
439 2392 590 2458 credibile
613 2397 663 2459 est
686 2393 825 2477 optimos
849 2417 927 2477 esse,
949 2396 1034 2459 inter
1057 2417 1137 2477 quos

123 2488 160 2548 tu
182 2484 257 2548 talis
280 2483 431 2547 extiteris.
477 2481 566 2546 Vale.

592 2648 669 2705 ΧΙΧ,
1151 2666 1177 2706 25

389 2749 416 2795 ο.
440 2748 579 2796 PLINIUS
603 2748 733 2797 NEPOTI
758 2747 824 2796 SUO
848 2747 874 2796 S.

90 2854 104 2902 1
192 2837 261 2901 Scis
284 2843 321 2902 tu
345 2839 515 2903 accessisse
536 2838 677 2921 pretium
701 2839 801 2923 agris,
831 2838 1002 2922 praecipue
1025 2839 1136 2903 subur-

123 2927 224 2990 banis.
272 2925 374 2990 Causa
397 2927 522 2991 subitae
546 2928 688 2991 caritatis
711 2950 762 2991 res
785 2928 897 2991 multis
928 2929 1050 3013 agitata
1074 2950 1136 2992 ser-

123 3015 282 3079 monibus.
305 3014 464 3080 Proximis
480 3017 619 3080 comitiis
633 3016 875 3081 honestissimas
893 3039 988 3082 voces
1007 3021 1135 3081 senatus

125 3105 294 3187 expressit:
327 3103 508 3169 ‘Candidati
530 3127 571 3168 ne
595 3106 817 3188 conviventur,
847 3127 887 3168 ne
910 3106 1042 3170 mittant
1068 3128 1136 3169 mu·
1150 3129 1177 3170 eo

88 3208 215 3275 ancre,
241 3215 282 3257 ne
304 3193 455 3276 pecunias
483 3193 664 3277 deponant'.
709 3193 761 3257 Ex
790 3194 906 3278 quibus
936 3195 999 3258 duo
1028 3195 1136 3278 priora

124 3285 190 3347 tam
210 3286 319 3366 aperte
339 3303 435 3364 quarn
453 3283 624 3347 immodice
642 3282 771 3366 fiebant,
789 3282 852 3347 hoo
866 3284 1007 3366 tertium,
1025 3305 1136 3366 qnam-

173 3497 196 3540 2
213 3491 361 3558 omm'sl),
382 3509 482 3548 omnes
499 3494 559 3549 rell.
583 3493 633 3549 Ad
642 3511 673 3565 p.
685 3497 728 3549 17.
738 3497 784 3550 28.
836 3499 873 3548 Ἃ
890 3492 1015 3548 extiteris
1031 3469 1136 3562 ilpra,

81 3548 178 3604 AEll
186 3561 276 3627 (dep.
291 3565 429 3635 Il8aq),
449 3567 574 3623 moreris
597 3569 644 3637 M,
659 3568 733 3624 Κλ.
