<?xml version="1.0" encoding="UTF-8"?>
<!DOCTYPE html PUBLIC "-//W3C//DTD XHTML 1.0 Transitional//EN"
    "http://www.w3.org/TR/xhtml1/DTD/xhtml1-transitional.dtd">
<html xmlns="http://www.w3.org/1999/xhtml" xml:lang="en" lang="en">
 <head>
  <title>
</title>
<meta http-equiv="Content-Type" content="text/html;charset=utf-8" />
  <meta name='ocr-system' content='tesseract 3.04.00' />
  <meta name='ocr-capabilities' content='ocr_page ocr_carea ocr_par ocr_line ocrx_word'/>
</head>
<body>
  <div class='ocr_page' id='page_1' title='image "./cplinicaecilise04plingoog_0014.png"; bbox 0 0 2506 3862; ppageno 0'>
   <div class='ocr_carea' id='block_1_1' title="bbox 266 708 978 970">
    <p class='ocr_par' dir='ltr' id='par_1_1' title="bbox 266 708 978 970">
     <span class='ocr_line' id='line_1_1' title="bbox 300 708 948 783; baseline 0 -1"><span class='ocrx_word' id='word_1_1' title='bbox 300 709 495 782; x_wconf 68' lang='grc'><strong>0111111</strong></span> <span class='ocrx_word' id='word_1_2' title='bbox 524 709 712 783; x_wconf 78' lang='lat' dir='ltr'>enacim</span> <span class='ocrx_word' id='word_1_3' title='bbox 741 708 948 782; x_wconf 79' lang='lat' dir='ltr'>saeuum</span> 
     </span>
     <span class='ocr_line' id='line_1_2' title="bbox 266 867 978 970; baseline 0.001 -1"><span class='ocrx_word' id='word_1_4' title='bbox 266 870 308 969; x_wconf 83' lang='lat' dir='ltr'>R</span> <span class='ocrx_word' id='word_1_5' title='bbox 336 868 427 969; x_wconf 91' lang='grc' dir='ltr'>ΡΙ</span> <span class='ocrx_word' id='word_1_6' title='bbox 455 867 487 970; x_wconf 75' lang='lat' dir='ltr'>S</span> <span class='ocrx_word' id='word_1_7' title='bbox 517 869 554 968; x_wconf 71' lang='lat' dir='ltr'>&#39;l</span> <span class='ocrx_word' id='word_1_8' title='bbox 580 870 623 970; x_wconf 91' lang='lat' dir='ltr'>U</span> <span class='ocrx_word' id='word_1_9' title='bbox 649 869 688 968; x_wconf 87' lang='lat' dir='ltr'>L</span> <span class='ocrx_word' id='word_1_10' title='bbox 716 867 763 970; x_wconf 84' lang='lat' dir='ltr'><strong>A</strong></span> <span class='ocrx_word' id='word_1_11' title='bbox 790 869 832 969; x_wconf 99' lang='lat' dir='ltr'>R</span> <span class='ocrx_word' id='word_1_12' title='bbox 859 870 902 970; x_wconf 90' lang='lat' dir='ltr'>U</span> <span class='ocrx_word' id='word_1_13' title='bbox 927 870 978 970; x_wconf 87' lang='lat' dir='ltr'>M</span> 
     </span>
    </p>
   </div>
   <div class='ocr_carea' id='block_1_2' title="bbox 457 1077 784 1144">
    <p class='ocr_par' dir='ltr' id='par_1_2' title="bbox 457 1077 784 1144">
     <span class='ocr_line' id='line_1_3' title="bbox 457 1077 784 1144; baseline 0 0"><span class='ocrx_word' id='word_1_14' title='bbox 457 1078 589 1144; x_wconf 84' lang='lat' dir='ltr'>LIBER</span> <span class='ocrx_word' id='word_1_15' title='bbox 612 1077 784 1144; x_wconf 80' lang='lat' dir='ltr'>PRIMUS.</span> 
     </span>
    </p>
   </div>
   <div class='ocr_carea' id='block_1_3' title="bbox 86 1368 881 1519">
    <p class='ocr_par' dir='ltr' id='par_1_3' title="bbox 86 1368 881 1519">
     <span class='ocr_line' id='line_1_4' title="bbox 612 1368 634 1428; baseline -0.045 0"><span class='ocrx_word' id='word_1_16' title='bbox 612 1368 634 1428; x_wconf 92' lang='grc' dir='ltr'>Ι.</span> 
     </span>
     <span class='ocr_line' id='line_1_5' title="bbox 86 1469 881 1519; baseline -0.001 0"><span class='ocrx_word' id='word_1_17' title='bbox 86 1476 100 1519; x_wconf 76' lang='lat' dir='ltr'>s</span> <span class='ocrx_word' id='word_1_18' title='bbox 365 1469 392 1518; x_wconf 90' lang='lat' dir='ltr'>c.</span> <span class='ocrx_word' id='word_1_19' title='bbox 416 1470 555 1518; x_wconf 74' lang='lat' dir='ltr'>Parmos</span> <span class='ocrx_word' id='word_1_20' title='bbox 580 1469 739 1518; x_wconf 80' lang='lat' dir='ltr'>snrmoro</span> <span class='ocrx_word' id='word_1_21' title='bbox 764 1470 829 1518; x_wconf 86' lang='lat' dir='ltr'>suo</span> <span class='ocrx_word' id='word_1_22' title='bbox 854 1471 881 1518; x_wconf 89' lang='lat' dir='ltr'>s.</span> 
     </span>
    </p>
   </div>
   <div class='ocr_carea' id='block_1_4' title="bbox 77 1559 1158 1824">
    <p class='ocr_par' dir='ltr' id='par_1_4' title="bbox 77 1559 1158 1824">
     <span class='ocr_line' id='line_1_6' title="bbox 77 1559 1158 1644; baseline 0.006 -25"><span class='ocrx_word' id='word_1_23' title='bbox 77 1614 80 1619; x_wconf 89' lang='lat'><em>.</em></span> <span class='ocrx_word' id='word_1_24' title='bbox 181 1559 378 1642; x_wconf 76' lang='lat' dir='ltr'>Frequenter</span> <span class='ocrx_word' id='word_1_25' title='bbox 400 1560 548 1624; x_wconf 76' lang='lat' dir='ltr'>hortatus</span> <span class='ocrx_word' id='word_1_26' title='bbox 573 1582 615 1643; x_wconf 88' lang='lat' dir='ltr'>es,</span> <span class='ocrx_word' id='word_1_27' title='bbox 637 1563 674 1624; x_wconf 92' lang='lat' dir='ltr'>ut</span> <span class='ocrx_word' id='word_1_28' title='bbox 695 1560 859 1643; x_wconf 81' lang='lat' dir='ltr'>epistulas,</span> <span class='ocrx_word' id='word_1_29' title='bbox 882 1561 1007 1643; x_wconf 89' lang='lat' dir='ltr'>siquas</span> <span class='ocrx_word' id='word_1_30' title='bbox 1027 1562 1124 1644; x_wconf 90' lang='lat' dir='ltr'>paulo</span> <span class='ocrx_word' id='word_1_31' title='bbox 1144 1578 1158 1626; x_wconf 92' lang='lat'>1</span> 
     </span>
     <span class='ocr_line' id='line_1_7' title="bbox 115 1647 1124 1733; baseline -0.001 -18"><span class='ocrx_word' id='word_1_32' title='bbox 115 1670 191 1715; x_wconf 87' lang='lat' dir='ltr'>curu</span> <span class='ocrx_word' id='word_1_33' title='bbox 228 1650 350 1714; x_wconf 90' lang='lat' dir='ltr'>maiore</span> <span class='ocrx_word' id='word_1_34' title='bbox 386 1650 599 1733; x_wconf 78' lang='lat' dir='ltr'>scripsissem,</span> <span class='ocrx_word' id='word_1_35' title='bbox 632 1647 817 1732; x_wconf 79' lang='lat' dir='ltr'>colligerem</span> <span class='ocrx_word' id='word_1_36' title='bbox 855 1649 1124 1732; x_wconf 78' lang='lat' dir='ltr'>publicarumque.</span> 
     </span>
     <span class='ocr_line' id='line_1_8' title="bbox 115 1734 1128 1824; baseline -0.001 -21"><span class='ocrx_word' id='word_1_37' title='bbox 115 1737 242 1824; x_wconf 75' lang='lat' dir='ltr'>Collegi</span> <span class='ocrx_word' id='word_1_38' title='bbox 260 1760 326 1803; x_wconf 92' lang='lat' dir='ltr'>non</span> <span class='ocrx_word' id='word_1_39' title='bbox 345 1743 470 1802; x_wconf 87' lang='lat' dir='ltr'>servato</span> <span class='ocrx_word' id='word_1_40' title='bbox 490 1738 644 1821; x_wconf 89' lang='lat' dir='ltr'>temporis</span> <span class='ocrx_word' id='word_1_41' title='bbox 665 1738 775 1801; x_wconf 89' lang='lat' dir='ltr'>ordine</span> <span class='ocrx_word' id='word_1_42' title='bbox 795 1734 912 1823; x_wconf 88' lang='lat' dir='ltr'>(neque</span> <span class='ocrx_word' id='word_1_43' title='bbox 927 1737 1013 1802; x_wconf 91' lang='lat' dir='ltr'>enim</span> <span class='ocrx_word' id='word_1_44' title='bbox 1027 1739 1128 1802; x_wconf 87' lang='lat' dir='ltr'>histo·</span> 
     </span>
    </p>
   </div>
   <div class='ocr_carea' id='block_1_5' title="bbox 74 1825 1161 2179">
    <p class='ocr_par' dir='ltr' id='par_1_5' title="bbox 74 1825 1161 2000">
     <span class='ocr_line' id='line_1_9' title="bbox 115 1825 1127 1913; baseline -0.001 -21"><span class='ocrx_word' id='word_1_45' title='bbox 115 1829 196 1892; x_wconf 84' lang='lat' dir='ltr'>riam</span> <span class='ocrx_word' id='word_1_46' title='bbox 221 1825 467 1913; x_wconf 82' lang='lat' dir='ltr'>conponebam),</span> <span class='ocrx_word' id='word_1_47' title='bbox 490 1828 546 1893; x_wconf 92' lang='lat' dir='ltr'>sed</span> <span class='ocrx_word' id='word_1_48' title='bbox 568 1832 605 1891; x_wconf 87' lang='lat' dir='ltr'>ut</span> <span class='ocrx_word' id='word_1_49' title='bbox 628 1848 773 1910; x_wconf 87' lang='lat' dir='ltr'>quaeque</span> <span class='ocrx_word' id='word_1_50' title='bbox 795 1828 830 1891; x_wconf 89' lang='lat' dir='ltr'>in</span> <span class='ocrx_word' id='word_1_51' title='bbox 850 1849 964 1890; x_wconf 90' lang='lat' dir='ltr'>manus</span> <span class='ocrx_word' id='word_1_52' title='bbox 987 1832 1127 1893; x_wconf 86' lang='lat' dir='ltr'>venerat.</span> 
     </span>
     <span class='ocr_line' id='line_1_10' title="bbox 74 1916 1161 2000; baseline 0.004 -22"><span class='ocrx_word' id='word_1_53' title='bbox 74 1939 100 1979; x_wconf 90' lang='lat' dir='ltr'>1o</span> <span class='ocrx_word' id='word_1_54' title='bbox 116 1916 277 2000; x_wconf 82' lang='lat' dir='ltr'>Superest,</span> <span class='ocrx_word' id='word_1_55' title='bbox 299 1921 337 1980; x_wconf 87' lang='lat' dir='ltr'>ut</span> <span class='ocrx_word' id='word_1_56' title='bbox 359 1921 469 1981; x_wconf 91' lang='lat' dir='ltr'>necte</span> <span class='ocrx_word' id='word_1_57' title='bbox 489 1916 617 1980; x_wconf 91' lang='lat' dir='ltr'>consilii</span> <span class='ocrx_word' id='word_1_58' title='bbox 634 1937 694 1981; x_wconf 89' lang='lat' dir='ltr'>nec</span> <span class='ocrx_word' id='word_1_59' title='bbox 716 1937 768 1980; x_wconf 88' lang='lat' dir='ltr'>mc</span> <span class='ocrx_word' id='word_1_60' title='bbox 786 1917 947 1999; x_wconf 87' lang='lat' dir='ltr'>paeniteat</span> <span class='ocrx_word' id='word_1_61' title='bbox 971 1917 1126 2000; x_wconf 87' lang='lat' dir='ltr'>obsequii.</span> <span class='ocrx_word' id='word_1_62' title='bbox 1146 1935 1161 1983; x_wconf 83' lang='lat'><strong>2</strong></span> 
     </span>
    </p>

    <p class='ocr_par' dir='ltr' id='par_1_6' title="bbox 113 2004 1127 2089">
     <span class='ocr_line' id='line_1_11' title="bbox 113 2004 1127 2089; baseline 0.001 -19"><span class='ocrx_word' id='word_1_63' title='bbox 113 2004 164 2070; x_wconf 85' lang='lat' dir='ltr'>Ita</span> <span class='ocrx_word' id='word_1_64' title='bbox 188 2007 273 2071; x_wconf 89' lang='lat' dir='ltr'>enim</span> <span class='ocrx_word' id='word_1_65' title='bbox 296 2005 362 2088; x_wconf 89' lang='lat' dir='ltr'>fiet,</span> <span class='ocrx_word' id='word_1_66' title='bbox 380 2009 417 2068; x_wconf 90' lang='lat' dir='ltr'>ut</span> <span class='ocrx_word' id='word_1_67' title='bbox 440 2026 502 2087; x_wconf 91' lang='lat' dir='ltr'>eas,</span> <span class='ocrx_word' id='word_1_68' title='bbox 526 2026 607 2087; x_wconf 91' lang='lat' dir='ltr'>quae</span> <span class='ocrx_word' id='word_1_69' title='bbox 630 2006 734 2069; x_wconf 90' lang='lat' dir='ltr'>adhuc</span> <span class='ocrx_word' id='word_1_70' title='bbox 755 2006 919 2089; x_wconf 77' lang='lat' dir='ltr'>neglectae</span> <span class='ocrx_word' id='word_1_71' title='bbox 942 2006 1056 2088; x_wconf 89' lang='lat' dir='ltr'>iacent,</span> <span class='ocrx_word' id='word_1_72' title='bbox 1080 2029 1127 2070; x_wconf 84' lang='lat' dir='ltr'>re-</span> 
     </span>
    </p>

    <p class='ocr_par' dir='ltr' id='par_1_7' title="bbox 115 2093 1082 2179">
     <span class='ocr_line' id='line_1_12' title="bbox 115 2093 1082 2179; baseline 0 -20"><span class='ocrx_word' id='word_1_73' title='bbox 115 2096 241 2179; x_wconf 91' lang='lat' dir='ltr'>quiram</span> <span class='ocrx_word' id='word_1_74' title='bbox 265 2098 307 2176; x_wconf 90' lang='lat' dir='ltr'>et,</span> <span class='ocrx_word' id='word_1_75' title='bbox 330 2095 358 2157; x_wconf 91' lang='lat' dir='ltr'>si</span> <span class='ocrx_word' id='word_1_76' title='bbox 381 2116 460 2177; x_wconf 87' lang='lat' dir='ltr'>quas</span> <span class='ocrx_word' id='word_1_77' title='bbox 484 2094 643 2177; x_wconf 84' lang='lat' dir='ltr'>addidero,</span> <span class='ocrx_word' id='word_1_78' title='bbox 666 2116 732 2158; x_wconf 87' lang='lat' dir='ltr'>non</span> <span class='ocrx_word' id='word_1_79' title='bbox 756 2095 961 2178; x_wconf 90' lang='lat' dir='ltr'>supprimam.</span> <span class='ocrx_word' id='word_1_80' title='bbox 992 2093 1082 2160; x_wconf 88' lang='lat' dir='ltr'>Vale.</span> 
     </span>
    </p>
   </div>
   <div class='ocr_carea' id='block_1_6' title="bbox 369 2259 876 2407">
    <p class='ocr_par' dir='ltr' id='par_1_8' title="bbox 369 2259 876 2407">
     <span class='ocr_line' id='line_1_13' title="bbox 601 2259 641 2318; baseline 0.025 -1"><span class='ocrx_word' id='word_1_81' title='bbox 601 2259 641 2318; x_wconf 90' lang='grc' dir='ltr'>Π.</span> 
     </span>
     <span class='ocr_line' id='line_1_14' title="bbox 369 2357 876 2407; baseline 0.002 -1"><span class='ocrx_word' id='word_1_82' title='bbox 369 2357 397 2406; x_wconf 80' lang='lat' dir='ltr'>o.</span> <span class='ocrx_word' id='word_1_83' title='bbox 420 2359 558 2406; x_wconf 69' lang='lat' dir='ltr'>ammos</span> <span class='ocrx_word' id='word_1_84' title='bbox 582 2359 735 2406; x_wconf 73' lang='grc'><strong>1111111110</strong></span> <span class='ocrx_word' id='word_1_85' title='bbox 760 2359 825 2406; x_wconf 86' lang='lat' dir='ltr'>suo</span> <span class='ocrx_word' id='word_1_86' title='bbox 850 2359 876 2407; x_wconf 80' lang='lat' dir='ltr'>s</span> 
     </span>
    </p>
   </div>
   <div class='ocr_carea' id='block_1_7' title="bbox 72 2448 1160 3159">
    <p class='ocr_par' dir='ltr' id='par_1_9' title="bbox 72 2448 1160 2889">
     <span class='ocr_line' id='line_1_15' title="bbox 72 2448 1158 2533; baseline 0.001 -21"><span class='ocrx_word' id='word_1_87' title='bbox 72 2471 99 2512; x_wconf 81' lang='lat' dir='ltr'>rr</span> <span class='ocrx_word' id='word_1_88' title='bbox 182 2448 264 2526; x_wconf 84' lang='lat' dir='ltr'>Quia</span> <span class='ocrx_word' id='word_1_89' title='bbox 287 2449 460 2521; x_wconf 87' lang='lat' dir='ltr'>tardiorem</span> <span class='ocrx_word' id='word_1_90' title='bbox 483 2450 656 2513; x_wconf 85' lang='lat' dir='ltr'>adventum</span> <span class='ocrx_word' id='word_1_91' title='bbox 678 2452 771 2512; x_wconf 90' lang='lat' dir='ltr'>tuum</span> <span class='ocrx_word' id='word_1_92' title='bbox 798 2448 969 2533; x_wconf 87' lang='lat' dir='ltr'>prospicio,</span> <span class='ocrx_word' id='word_1_93' title='bbox 996 2449 1125 2532; x_wconf 88' lang='lat' dir='ltr'>librum,</span> <span class='ocrx_word' id='word_1_94' title='bbox 1145 2468 1158 2514; x_wconf 91' lang='lat'>1</span> 
     </span>
     <span class='ocr_line' id='line_1_16' title="bbox 115 2536 1126 2622; baseline 0 -21"><span class='ocrx_word' id='word_1_95' title='bbox 115 2560 211 2622; x_wconf 90' lang='lat' dir='ltr'>quem</span> <span class='ocrx_word' id='word_1_96' title='bbox 234 2537 395 2622; x_wconf 86' lang='lat' dir='ltr'>prioribus</span> <span class='ocrx_word' id='word_1_97' title='bbox 418 2536 565 2621; x_wconf 90' lang='lat' dir='ltr'>epistulis</span> <span class='ocrx_word' id='word_1_98' title='bbox 593 2538 812 2621; x_wconf 86' lang='lat' dir='ltr'>promiseram,</span> <span class='ocrx_word' id='word_1_99' title='bbox 839 2537 983 2602; x_wconf 83' lang='lat' dir='ltr'>exhibeo.</span> <span class='ocrx_word' id='word_1_100' title='bbox 1030 2537 1126 2602; x_wconf 90' lang='lat' dir='ltr'>Hune</span> 
     </span>
     <span class='ocr_line' id='line_1_17' title="bbox 114 2625 1126 2713; baseline -0.001 -22"><span class='ocrx_word' id='word_1_101' title='bbox 114 2648 194 2713; x_wconf 89' lang='lat' dir='ltr'>rogo</span> <span class='ocrx_word' id='word_1_102' title='bbox 210 2650 249 2691; x_wconf 87' lang='lat' dir='ltr'>ex</span> <span class='ocrx_word' id='word_1_103' title='bbox 262 2626 492 2691; x_wconf 89' lang='lat' dir='ltr'>consuetudine</span> <span class='ocrx_word' id='word_1_104' title='bbox 506 2629 563 2690; x_wconf 93' lang='lat' dir='ltr'>tua</span> <span class='ocrx_word' id='word_1_105' title='bbox 578 2630 609 2690; x_wconf 87' lang='lat' dir='ltr'>et</span> <span class='ocrx_word' id='word_1_106' title='bbox 623 2628 711 2711; x_wconf 90' lang='lat' dir='ltr'>legas</span> <span class='ocrx_word' id='word_1_107' title='bbox 729 2629 761 2691; x_wconf 90' lang='lat' dir='ltr'>et</span> <span class='ocrx_word' id='word_1_108' title='bbox 781 2625 937 2709; x_wconf 89' lang='lat' dir='ltr'>emendes,</span> <span class='ocrx_word' id='word_1_109' title='bbox 956 2649 994 2691; x_wconf 90' lang='lat' dir='ltr'>ec</span> <span class='ocrx_word' id='word_1_110' title='bbox 1013 2629 1126 2712; x_wconf 85' lang='lat' dir='ltr'>magis,</span> 
     </span>
     <span class='ocr_line' id='line_1_18' title="bbox 116 2714 1126 2803; baseline 0.001 -24"><span class='ocrx_word' id='word_1_111' title='bbox 116 2716 202 2799; x_wconf 91' lang='lat' dir='ltr'>quod</span> <span class='ocrx_word' id='word_1_112' title='bbox 220 2715 303 2780; x_wconf 93' lang='lat' dir='ltr'>nihil</span> <span class='ocrx_word' id='word_1_113' title='bbox 320 2719 393 2781; x_wconf 88' lang='lat' dir='ltr'>ante</span> <span class='ocrx_word' id='word_1_114' title='bbox 413 2736 570 2799; x_wconf 89' lang='lat' dir='ltr'>peraeque</span> <span class='ocrx_word' id='word_1_115' title='bbox 588 2714 700 2781; x_wconf 89' lang='lat' dir='ltr'>eodem</span> <span class='ocrx_word' id='word_1_116' title='bbox 719 2718 802 2803; x_wconf 79' lang='grc' dir='ltr'><em>ζήλῳ</em></span> <span class='ocrx_word' id='word_1_117' title='bbox 824 2716 989 2798; x_wconf 87' lang='lat' dir='ltr'>scripsisse</span> <span class='ocrx_word' id='word_1_118' title='bbox 1006 2715 1126 2780; x_wconf 87' lang='lat' dir='ltr'>videor.</span> 
     </span>
     <span class='ocr_line' id='line_1_19' title="bbox 115 2803 1160 2889; baseline 0.001 -21"><span class='ocrx_word' id='word_1_119' title='bbox 115 2803 284 2888; x_wconf 81' lang='lat' dir='ltr'>Temptavi</span> <span class='ocrx_word' id='word_1_120' title='bbox 319 2805 405 2868; x_wconf 88' lang='lat' dir='ltr'>enim</span> <span class='ocrx_word' id='word_1_121' title='bbox 439 2804 559 2869; x_wconf 87' lang='lat' dir='ltr'>imitari</span> <span class='ocrx_word' id='word_1_122' title='bbox 592 2803 834 2869; x_wconf 87' lang='lat' dir='ltr'>Demosthenen</span> <span class='ocrx_word' id='word_1_123' title='bbox 867 2827 992 2889; x_wconf 89' lang='lat' dir='ltr'>semper</span> <span class='ocrx_word' id='word_1_124' title='bbox 1023 2809 1160 2888; x_wconf 77' lang='lat' dir='ltr'>tuum,a</span> 
     </span>
    </p>

    <p class='ocr_par' dir='ltr' id='par_1_10' title="bbox 73 2891 1160 3159">
     <span class='ocr_line' id='line_1_20' title="bbox 73 2891 1124 2978; baseline 0 -21"><span class='ocrx_word' id='word_1_125' title='bbox 73 2917 101 2957; x_wconf 78' lang='lat' dir='ltr'>ao</span> <span class='ocrx_word' id='word_1_126' title='bbox 117 2891 251 2958; x_wconf 75' lang='lat' dir='ltr'>Caluum</span> <span class='ocrx_word' id='word_1_127' title='bbox 274 2915 376 2978; x_wconf 89' lang='lat' dir='ltr'>nuper</span> <span class='ocrx_word' id='word_1_128' title='bbox 399 2915 507 2958; x_wconf 86' lang='lat' dir='ltr'>mcum</span> <span class='ocrx_word' id='word_1_129' title='bbox 531 2893 697 2958; x_wconf 88' lang='lat' dir='ltr'>dumtaxat</span> <span class='ocrx_word' id='word_1_130' title='bbox 723 2893 836 2978; x_wconf 73' lang='lat' dir='ltr'>figiuis</span> <span class='ocrx_word' id='word_1_131' title='bbox 859 2894 1026 2978; x_wconf 74' lang='lat' dir='ltr'>orationis,</span> <span class='ocrx_word' id='word_1_132' title='bbox 1049 2915 1124 2957; x_wconf 88' lang='lat' dir='ltr'>nam</span> 
     </span>
     <span class='ocr_line' id='line_1_21' title="bbox 114 2981 1125 3066; baseline 0 -20"><span class='ocrx_word' id='word_1_133' title='bbox 114 2983 181 3046; x_wconf 80' lang='lat' dir='ltr'>vim</span> <span class='ocrx_word' id='word_1_134' title='bbox 198 2986 362 3047; x_wconf 89' lang='lat' dir='ltr'>tantorum</span> <span class='ocrx_word' id='word_1_135' title='bbox 376 2983 518 3046; x_wconf 81' lang='lat' dir='ltr'>virorum</span> <span class='ocrx_word' id='word_1_136' title='bbox 533 2981 669 3066; x_wconf 67' lang='lat' dir='ltr'>pauci,</span> <span class='ocrx_word' id='word_1_137' title='bbox 689 3004 783 3066; x_wconf 91' lang='lat' dir='ltr'>quos</span> <span class='ocrx_word' id='word_1_138' title='bbox 801 3003 943 3064; x_wconf 89' lang='lat' dir='ltr'>aequus</span> <span class='ocrx_word' id='word_1_139' title='bbox 962 2982 1125 3064; x_wconf 87' lang='lat' dir='ltr'>amavit&#39;,</span> 
     </span>
     <span class='ocr_line' id='line_1_22' title="bbox 115 3069 1160 3159; baseline -0.003 -23"><span class='ocrx_word' id='word_1_140' title='bbox 115 3070 247 3154; x_wconf 85' lang='lat' dir='ltr'>adsequi</span> <span class='ocrx_word' id='word_1_141' title='bbox 275 3075 419 3156; x_wconf 89' lang='lat' dir='ltr'>possunt.</span> <span class='ocrx_word' id='word_1_142' title='bbox 463 3069 533 3136; x_wconf 88' lang='lat' dir='ltr'>Nec</span> <span class='ocrx_word' id='word_1_143' title='bbox 560 3073 694 3136; x_wconf 88' lang='lat' dir='ltr'>materia</span> <span class='ocrx_word' id='word_1_144' title='bbox 721 3073 791 3155; x_wconf 91' lang='lat' dir='ltr'>ipsa</span> <span class='ocrx_word' id='word_1_145' title='bbox 817 3071 893 3134; x_wconf 90' lang='lat' dir='ltr'>huic</span> <span class='ocrx_word' id='word_1_146' title='bbox 919 3070 1057 3159; x_wconf 87' lang='lat' dir='ltr'>(vereor,</span> <span class='ocrx_word' id='word_1_147' title='bbox 1084 3086 1160 3134; x_wconf 80' lang='lat' dir='ltr'>nec</span> 
     </span>
    </p>
   </div>
   <div class='ocr_carea' id='block_1_8' title="bbox 113 3245 1130 3605">
    <p class='ocr_par' dir='ltr' id='par_1_11' title="bbox 113 3245 1130 3605">
     <span class='ocr_line' id='line_1_23' title="bbox 187 3245 1125 3315; baseline 0 -15"><span class='ocrx_word' id='word_1_148' title='bbox 187 3251 202 3299; x_wconf 86' lang='grc'><strong>7</strong></span> <span class='ocrx_word' id='word_1_149' title='bbox 223 3263 289 3300; x_wconf 88' lang='lat' dir='ltr'>cura</span> <span class='ocrx_word' id='word_1_150' title='bbox 308 3248 424 3315; x_wconf 83' lang='lat' dir='ltr'>(curam)</span> <span class='ocrx_word' id='word_1_151' title='bbox 445 3245 551 3300; x_wconf 87' lang='lat' dir='ltr'>maiore</span> <span class='ocrx_word' id='word_1_152' title='bbox 571 3247 608 3300; x_wconf 89' lang='lat' dir='ltr'><em>M</em></span> <span class='ocrx_word' id='word_1_153' title='bbox 615 3245 674 3312; x_wconf 63' lang='lat' dir='ltr'>Vs,</span> <span class='ocrx_word' id='word_1_154' title='bbox 698 3246 821 3299; x_wconf 82' lang='lat' dir='ltr'>curatius</span> <span class='ocrx_word' id='word_1_155' title='bbox 840 3247 879 3312; x_wconf 87' lang='lat' dir='ltr'>D,</span> <span class='ocrx_word' id='word_1_156' title='bbox 894 3246 927 3300; x_wconf 90' lang='lat' dir='ltr'><strong><em>K</em></strong></span> <span class='ocrx_word' id='word_1_157' title='bbox 939 3246 1020 3314; x_wconf 76' lang='lat' dir='ltr'>(disp.</span> <span class='ocrx_word' id='word_1_158' title='bbox 1035 3246 1125 3311; x_wconf 88' lang='lat'>110),</span> 
     </span>
     <span class='ocr_line' id='line_1_24' title="bbox 114 3316 1130 3387; baseline -0.005 -14"><span class='ocrx_word' id='word_1_159' title='bbox 114 3319 273 3374; x_wconf 85' lang='lat' dir='ltr'>accuratius</span> <span class='ocrx_word' id='word_1_160' title='bbox 292 3317 363 3387; x_wconf 78' lang='lat' dir='ltr'>Fpr,</span> <span class='ocrx_word' id='word_1_161' title='bbox 380 3317 440 3372; x_wconf 82' lang='lat' dir='ltr'>Otto</span> <span class='ocrx_word' id='word_1_162' title='bbox 453 3320 518 3371; x_wconf 78' lang='lat'><em>289.</em></span> <span class='ocrx_word' id='word_1_163' title='bbox 553 3316 593 3384; x_wconf 78' lang='lat' dir='ltr'>Of.</span> <span class='ocrx_word' id='word_1_164' title='bbox 604 3318 660 3370; x_wconf 89' lang='grc' dir='ltr'>ΙΙΙ</span> <span class='ocrx_word' id='word_1_165' title='bbox 671 3321 696 3370; x_wconf 88' lang='lat'>7.</span> <span class='ocrx_word' id='word_1_166' title='bbox 712 3321 737 3384; x_wconf 85' lang='lat'>5,</span> <span class='ocrx_word' id='word_1_167' title='bbox 757 3317 919 3372; x_wconf 75' lang='lat' dir='ltr'>Moececbr.</span> <span class='ocrx_word' id='word_1_168' title='bbox 941 3317 1008 3371; x_wconf 82' lang='lat' dir='ltr'>Sall.</span> <span class='ocrx_word' id='word_1_169' title='bbox 1022 3318 1075 3386; x_wconf 67' lang='lat' dir='ltr'>foy.</span> <span class='ocrx_word' id='word_1_170' title='bbox 1090 3316 1130 3368; x_wconf 92' lang='lat' dir='ltr'>II</span> 
     </span>
     <span class='ocr_line' id='line_1_25' title="bbox 114 3387 1124 3459; baseline -0.005 -14"><span class='ocrx_word' id='word_1_171' title='bbox 114 3393 186 3459; x_wconf 68' lang='lat'><em>7212.</em></span> <span class='ocrx_word' id='word_1_172' title='bbox 199 3394 243 3445; x_wconf 89' lang='grc'>90.</span> <span class='ocrx_word' id='word_1_173' title='bbox 292 3392 325 3443; x_wconf 89' lang='lat'>18</span> <span class='ocrx_word' id='word_1_174' title='bbox 340 3391 406 3442; x_wconf 87' lang='lat' dir='ltr'>ante</span> <span class='ocrx_word' id='word_1_175' title='bbox 416 3388 534 3457; x_wconf 82' lang='lat' dir='ltr'>FDpc,</span> <span class='ocrx_word' id='word_1_176' title='bbox 548 3387 617 3454; x_wconf 89' lang='lat' dir='ltr'>K.I,</span> <span class='ocrx_word' id='word_1_177' title='bbox 634 3388 695 3443; x_wconf 88' lang='lat' dir='ltr'>Otto</span> <span class='ocrx_word' id='word_1_178' title='bbox 704 3393 769 3455; x_wconf 78' lang='lat'>295,</span> <span class='ocrx_word' id='word_1_179' title='bbox 783 3404 917 3456; x_wconf 86' lang='lat' dir='ltr'>umquam</span> <span class='ocrx_word' id='word_1_180' title='bbox 931 3388 968 3441; x_wconf 89' lang='lat' dir='ltr'><em>M</em></span> <span class='ocrx_word' id='word_1_181' title='bbox 977 3389 1030 3453; x_wconf 66' lang='lat' dir='ltr'>Vs,</span> <span class='ocrx_word' id='word_1_182' title='bbox 1042 3388 1124 3440; x_wconf 81' lang='grc' dir='ltr'>ΚΠ.</span> 
     </span>
     <span class='ocr_line' id='line_1_26' title="bbox 113 3458 1125 3529; baseline -0.004 -14"><span class='ocrx_word' id='word_1_183' title='bbox 113 3493 151 3502; x_wconf 91' lang='grc'>-</span> <span class='ocrx_word' id='word_1_184' title='bbox 168 3459 238 3528; x_wconf 63' lang='lat' dir='ltr'>{rita</span> <span class='ocrx_word' id='word_1_185' title='bbox 257 3478 285 3528; x_wconf 85' lang='lat' dir='ltr'>a,</span> <span class='ocrx_word' id='word_1_186' title='bbox 294 3460 331 3514; x_wconf 90' lang='lat' dir='ltr'>K.</span> <span class='ocrx_word' id='word_1_187' title='bbox 341 3460 384 3526; x_wconf 88' lang='lat'>11,</span> <span class='ocrx_word' id='word_1_188' title='bbox 405 3459 466 3515; x_wconf 81' lang='lat' dir='ltr'>ouo</span> <span class='ocrx_word' id='word_1_189' title='bbox 479 3463 546 3525; x_wconf 78' lang='lat'>289,</span> <span class='ocrx_word' id='word_1_190' title='bbox 564 3458 623 3514; x_wconf 86' lang='lat' dir='ltr'>zelo</span> <span class='ocrx_word' id='word_1_191' title='bbox 642 3461 703 3529; x_wconf 83' lang='lat' dir='ltr'>Dp,</span> <span class='ocrx_word' id='word_1_192' title='bbox 725 3460 790 3514; x_wconf 88' lang='lat' dir='ltr'>stilo</span> <span class='ocrx_word' id='word_1_193' title='bbox 810 3460 846 3526; x_wconf 84' lang='lat' dir='ltr'>F,</span> <span class='ocrx_word' id='word_1_194' title='bbox 861 3460 930 3512; x_wconf 92' lang='lat' dir='ltr'>K.I</span> <span class='ocrx_word' id='word_1_195' title='bbox 940 3458 1022 3528; x_wconf 80' lang='lat' dir='ltr'>(disp.</span> <span class='ocrx_word' id='word_1_196' title='bbox 1035 3460 1057 3512; x_wconf 95' lang='lat' dir='ltr'><strong><em>I</em></strong></span> <span class='ocrx_word' id='word_1_197' title='bbox 1067 3461 1125 3526; x_wconf 83' lang='lat'><em>10).</em></span> 
     </span>
     <span class='ocr_line' id='line_1_27' title="bbox 115 3515 1017 3605; baseline -0.001 -21"><span class='ocrx_word' id='word_1_198' title='bbox 115 3536 150 3585; x_wconf 78' lang='grc'>11</span> <span class='ocrx_word' id='word_1_199' title='bbox 168 3515 279 3585; x_wconf 71' lang='lat' dir='ltr'>antam</span> <span class='ocrx_word' id='word_1_200' title='bbox 298 3531 396 3590; x_wconf 63' lang='lat' dir='ltr'>ure.</span> <span class='ocrx_word' id='word_1_201' title='bbox 416 3562 450 3571; x_wconf 88' lang='lat'><em>-</em></span> <span class='ocrx_word' id='word_1_202' title='bbox 470 3530 596 3600; x_wconf 71' lang='lat' dir='ltr'>pauer-</span> <span class='ocrx_word' id='word_1_203' title='bbox 608 3532 713 3586; x_wconf 70' lang='lat' dir='ltr'>amavit</span> <span class='ocrx_word' id='word_1_204' title='bbox 737 3532 815 3605; x_wconf 67' lang='lat' dir='ltr'>req.</span> <span class='ocrx_word' id='word_1_205' title='bbox 836 3530 872 3585; x_wconf 75' lang='lat' dir='ltr'>n.</span> <span class='ocrx_word' id='word_1_206' title='bbox 885 3531 930 3586; x_wconf 77' lang='lat' dir='ltr'>vr</span> <span class='ocrx_word' id='word_1_207' title='bbox 947 3533 1017 3584; x_wconf 75' lang='lat' dir='ltr'>raa.</span> 
     </span>
    </p>
   </div>
   <div class='ocr_carea' id='block_1_9' title="bbox 168 3623 994 3671">
    <p class='ocr_par' dir='ltr' id='par_1_12' title="bbox 168 3623 994 3671">
     <span class='ocr_line' id='line_1_28' title="bbox 168 3623 994 3671; baseline -0.001 0"><span class='ocrx_word' id='word_1_208' title='bbox 168 3630 240 3671; x_wconf 73' lang='lat' dir='ltr'>Pam</span> <span class='ocrx_word' id='word_1_209' title='bbox 252 3630 395 3671; x_wconf 71' lang='lat' dir='ltr'>Erramus.</span> <span class='ocrx_word' id='word_1_210' title='bbox 972 3623 994 3670; x_wconf 64' lang='lat' dir='ltr'>h</span> 
     </span>
    </p>
   </div>
   <div class='ocr_carea' id='block_1_10' title="bbox 0 0 1258 3862">
    <p class='ocr_par' dir='ltr' id='par_1_13' title="bbox 0 0 1258 3862">
     <span class='ocr_line' id='line_1_29' title="bbox 0 0 1258 3862; baseline 0 0"><span class='ocrx_word' id='word_1_211' title='bbox 0 0 1258 3862; x_wconf 95' lang='lat' dir='ltr'> </span> 
     </span>
    </p>
   </div>
  </div>
 </body>
</html>
