2506 3862
130 215 193 280 126
563 212 591 269 0·
610 212 708 278 PLINI
820 219 822 224 '

127 377 329 461 Thucydides
348 378 402 460 ait,
426 376 581 461 ‘xvqpa'
606 378 648 441 sit
667 399 708 441 an
727 376 979 462 ‘dydvaoaa'3
1001 399 1139 461 quorum

128 466 264 532 alterum
295 467 414 551 oratio,
446 467 583 530 alterum
612 465 747 532 historia
775 471 831 531 est.
877 465 937 530 His
966 489 1005 530 ex
1036 468 1139 533 causis

127 565 194 621 non
221 556 373 641 adducor,
405 559 443 619 ut
471 556 534 620 duo
567 555 735 620 dissimilia
763 555 880 621 etheo
907 557 978 640 ipso
1007 557 1139 639 diversa,

81 710 84 716 ,
127 646 214 729 quod
237 647 377 710 maxima
400 644 595 709 confundam
623 646 852 728 misceamque,
874 649 1023 710 natanta
1047 647 1139 728 quasi

127 735 309 800 colluvione
332 734 480 801 turbatus
504 733 550 798 ibi
572 733 703 818 faciam,
732 733 818 816 quod
840 733 894 798 hic
918 734 1030 818 debeo;
1053 734 1139 798 ideo·
1167 760 1179 800 a

127 846 190 908 que
213 824 343 888 interim
366 824 506 906 veniam,
533 845 574 887 ne
602 846 621 887 a
643 822 825 887 forensibus
852 823 957 889 verbis
983 824 1139 906 recedam,

74 930 107 978 la
127 912 303 978 advocandi
325 916 410 995 peto.
447 911 496 975 Tu
519 915 629 976 tamen
650 912 715 976 iam
738 932 824 976 nunc
843 913 958 998 cogita,
983 933 1065 995 quae
1083 933 1139 995 po-

126 1002 287 1067 tissimum
311 1005 457 1084 tempora
480 1001 656 1086 aggrediar.
703 999 821 1065 Vetera
844 1005 876 1065 et
899 1001 1020 1084 scripta
1043 1002 1139 1066 aliis?

126 1090 242 1156 Parata
259 1091 436 1174 inquisitio,
455 1090 510 1154 sed
529 1111 663 1154 onerosa
677 1089 816 1154 collatio.
848 1088 973 1154 Intacta
988 1095 1020 1155 et
1033 1091 1139 1155 nova?

73 1197 106 1250 23
127 1179 246 1245 Graves
271 1179 420 1262 offensae,
442 1180 522 1243 levis
546 1180 657 1265 gratia.
684 1177 770 1243 Nam
789 1183 915 1262 praeter
932 1179 975 1261 id,
998 1180 1085 1262 quod
1103 1181 1138 1244 in
1153 1206 1179 1246 io

125 1271 225 1334 tantis
250 1267 338 1333 vitiis
360 1268 530 1333 homiuum
553 1268 646 1352 plura
670 1268 828 1351 culpanda
854 1272 929 1332 sunt
953 1289 1049 1350 quam
1071 1269 1139 1333 lau·

126 1357 237 1442 danda,
260 1361 340 1440 tum,
363 1358 391 1422 si
407 1357 597 1443 laudaveris,
615 1377 739 1441 parcus,
762 1358 789 1421 si
808 1358 995 1441 culpaveris,
1017 1357 1137 1422 nimius

124 1446 224 1511 fuisse
247 1446 370 1530 dicaris,
394 1447 539 1530 quamvis
562 1446 644 1510 illud
666 1446 861 1530 plenissime,
884 1447 947 1511 hoc
968 1448 1137 1511 restrictis-

72 1552 106 1600 14
126 1536 206 1600 sime
232 1535 354 1600 feceris.
401 1535 464 1600 Sed
490 1534 570 1600 haec
597 1557 649 1599 me
676 1556 742 1599 non
765 1535 942 1620 retardant,
975 1540 1024 1601 est
1051 1537 1136 1600 enim
1215 1533 1223 1543 '

76 1689 83 1696 „
124 1624 205 1704 mihi
227 1645 286 1709 pro
309 1623 373 1689 fide
395 1625 473 1689 satis
496 1625 604 1688 animi.
649 1621 734 1687 Illud
756 1629 841 1709 peto,
863 1629 1072 1708 praesternas,
1095 1625 1136 1689 ad
1150 1649 1175 1692 ιε

125 1708 212 1798 quod
233 1713 386 1797 hortaris,
418 1715 582 1799 eligasque
604 1714 784 1797 materiam,
807 1736 847 1778 ne
870 1713 951 1778 mihi
974 1715 1037 1778 iam
1062 1715 1137 1778 scri-

123 1802 198 1868 bere
226 1806 338 1888 parato
371 1802 434 1868 alia
462 1825 572 1867 narsus
605 1802 819 1868 cunctationis
851 1807 888 1867 et'
913 1824 1020 1868 morae
1051 1805 1137 1868 iusta

73 1919 80 1962 ·,
124 1894 208 1957 ratio
231 1896 388 1957 naseatiu.
433 1890 522 1957 Vale.

537 2057 588 2115 IX.
627 2057 705 2115 XXI.

294 2157 321 2205 o.
345 2156 484 2204 ruinius
509 2054 720 2205 snuedorno]
733 2157 826 2205 aoso
851 2157 916 2205 soe
942 2157 967 2206 s.
1149 2167 1175 2206 so

73 2266 103 2314 ⁴1
191 2245 425 2312 Descenderam
448 2247 483 2310 in
501 2245 667 2311 basilicam
686 2245 801 2311 Iuliam
821 2248 996 2332 auditurus,
1016 2248 1134 2330 quibus

88 2353 104 2401 a
123 2337 272 2420 proxima
290 2335 626 2419 comperendinatione
639 2336 831 2419 respondere
846 2337 1008 2401 debebam.
1041 2336 1134 2402 Sede-

122 2426 202 2491 bant
220 2425 351 2507 iudices,
374 2423 545 2489 decemviri
568 2428 736 2508 venerant,
766 2425 1017 2491 obversabantur
1039 2426 1134 2490 advo-

123 2516 202 2598 cati,
234 2514 398 2578 silentium
429 2513 578 2599 longum,
608 2513 737 2577 tandem
769 2537 789 2578 a
817 2519 963 2598 praetore
992 2517 1132 2580 nuntius.

122 2603 340 2668 Dimittuntur
372 2603 576 2685 centumviri,
607 2603 759 2667 eximitur
791 2604 857 2667 dies
887 2625 937 2668 me
965 2604 1172 2689 gaudentiae

123 2694 179 2775 qui
207 2712 384 2774 numquam
411 2691 457 2754 ita
486 2697 617 2774 paratus
647 2714 732 2775 sum,
764 2697 889 2756 utnon
912 2713 1003 2756 mora
1025 2692 1131 2758 laeter.

87 2778 228 2845 adauae
256 2780 419 2845 dilationis
445 2778 556 2864 Nepos
586 2784 729 2864 praetor,
760 2782 817 2864 qui
845 2781 971 2866 legibus
1000 2785 1132 2864 quaerit.

122 2869 339 2952 Proposuerat
370 2869 466 2933 breve
503 2869 660 2952 edictum,
696 2870 888 2934 admonebat
923 2875 1132 2955 accusatores,

122 2958 315 3023 admonebat
336 2979 407 3022 reos
431 2962 657 3023 exsecuturum
675 2980 717 3042 se,
740 2980 821 3042 quae
836 2965 964 3024 senatus
984 2962 1132 3025 consulto

86 3063 103 3111 4
122 3048 370 3113 continerenturi
413 3045 549 3112 Suberat
571 3047 676 3112 edicto
704 3052 832 3112 senatus
856 3050 1039 3113 consultum
1057 3050 1131 3114 hoo:
1145 3076 1172 3115 ao

126 3292 128 3296 ’
194 3316 207 3363 1
230 3311 316 3365 riae.
331 3312 402 3367 122.
465 3315 480 3364 a
499 3310 551 3365 Ha
566 3327 600 3364 ex
615 3311 1071 3381 na,n.11(sasemper1³ia.)‚
1089 3312 1131 3366 ax

120 3377 164 3435 his
183 3382 291 3450 Dprs,
306 3383 374 3436 K.I.
447 3386 463 3433 6
480 3381 640 3435 forensibus
659 3382 768 3450 Dpra,
790 3382 850 3436 Otto
864 3387 926 3449 302,
944 3383 1014 3437 meis
1034 3385 1077 3450 M,
1092 3384 1129 3437 K.

114 3457 136 3501 8
149 3453 354 3518 aggrediamur
366 3455 421 3521 Dp
427 3470 451 3511 ς.
526 3459 559 3506 10
578 3453 671 3524 gravis
688 3471 721 3506 aa
734 3469 790 3507 ano
806 3455 844 3509 M
846 3455 911 3507 KJ
925 3462 956 3509 at
976 3456 1055 3508 VIII
1058 3459 1102 3510 21.
1114 3460 1131 3508 5

90 3517 211 3578 fiodali&
304 3528 343 3575 20
359 3523 579 3582 SEMPRONIO
597 3543 633 3582 aa
652 3525 738 3583 Ridd.
758 3525 824 3581 odd.
843 3525 941 3581 Habet.
955 3529 1016 3580 254.
1096 3531 1130 3578 30

72 3590 135 3629 sen.
159 3599 238 3638 eous.
258 3588 333 3645 hoe:
353 3610 458 3651 omnes
476 3617 541 3670 aaa,
563 3617 623 3656 sen.
646 3617 743 3665 consa,
757 3599 817 3655 hoe
834 3613 933 3654 omnes
951 3596 1012 3650 edd.
