2506 3862
126 221 192 288 276
445 218 473 274 o.
492 219 590 273 mnu
607 218 654 273 nr
673 219 825 273 remini

124 427 126 430 ⁴
252 401 424 450 EPISTULA
447 400 602 448 EIUSDEM
625 401 672 446 AD
698 401 857 448 TULLIUM
880 399 1018 458 IUSTUM.

73 510 108 559 10
195 489 274 555 Cum
297 512 404 554 rerum
427 491 570 554 omnium
590 489 757 573 ordinatio,
780 512 862 574 quae
880 491 1041 573 prioribus
1060 494 1141 554 tem·

125 580 259 664 poribus
282 580 451 644 inchoatae
478 582 716 643 consummatae
745 584 833 661 sunt,
864 580 1061 644 observanda
1088 581 1140 662 sit,

125 675 195 735 tum
218 670 364 753 epistulis
388 670 484 733 etiam
506 667 684 732 Domitiani
708 669 855 733 standum
880 673 937 732 est.

508 832 583 891 LIX.
608 827 758 913 [LXVII]
1170 853 1182 894 s

326 934 354 982 c.
377 932 517 981 PLINIUS
542 934 695 981 TRAIANO
719 934 944 982 memorarem.

193 1025 323 1090 Flavius
346 1021 529 1107 Archippus
552 1045 611 1107 per
633 1025 768 1088 salutem
794 1028 884 1088 tuam
908 1025 1143 1088 aeternitatem-

128 1138 189 1199 que
213 1114 296 1197 petit
318 1136 337 1177 a
359 1134 424 1195 me,
454 1117 490 1176 ut
513 1113 674 1195 libellum,
697 1135 793 1196 quem
816 1114 895 1177 mihi
918 1114 1013 1197 dedit,
1036 1114 1143 1177 mitte·

126 1227 195 1268 rem
218 1204 287 1267 tibi.
333 1201 426 1279 Quod
454 1224 513 1288 ego
543 1202 589 1268 sic
611 1204 739 1289 roganti
768 1203 994 1285 praestandum
1020 1202 1143 1285 putavi,

130 1295 173 1356 'ta
204 1297 325 1374 tamen,
352 1295 389 1355 ut
420 1291 593 1356 missurum
625 1313 676 1355 me
711 1295 825 1356 notum
858 1292 1043 1357 accusatrici
1074 1293 1142 1355 eius
1158 1317 1184 1357 ro

127 1381 275 1464 facerem,
299 1403 317 1444 a
340 1401 404 1463 qua
427 1381 551 1464 etipsa
574 1383 739 1463 acceptum
757 1381 904 1445 libellum
924 1380 975 1445 his
995 1381 1142 1463 epistulis

127 1470 231 1554 iunxi,
255 1491 318 1553 quo
342 1469 467 1534 facilius
490 1470 579 1533 velut
603 1469 711 1534 audita
734 1473 869 1553 utraque
896 1472 986 1552 parte
1010 1469 1144 1552 dispice·

127 1582 187 1642 res,
212 1559 289 1642 quid
313 1559 517 1623 statuendum
540 1562 679 1641 putares.

510 1706 571 1764 nx.
595 1701 760 1786 [uxum]

475 1807 647 1855 TRAIANUS
671 1807 799 1856 PLINIO.
1157 1815 1184 1856 15

195 1891 307 1961 Potuit
331 1897 460 1981 quidem
482 1897 647 1983 ignorasse
669 1896 888 1981 Domitianus,
911 1897 946 1960 in
968 1917 1032 1980 quo
1057 1899 1163 1961 statu·

131 1990 215 2051 esset
230 1983 421 2069 Archippus,
445 2007 517 2050 cum
541 1991 608 2050 tam
631 1987 733 2050 multa
756 1987 796 2051 ad
813 1987 970 2051 honorem
988 1987 1055 2051 eius
1074 2006 1144 2069 per·

128 2076 265 2139 tinentia
297 2076 463 2158 scriberet3
495 2076 550 2140 sed
582 2098 671 2140 meae
707 2080 840 2140 naturae
872 2074 1144 2140 accommodatius

129 2169 179 2229 est
211 2164 337 2229 credere
369 2164 466 2228 etiam
499 2165 597 2229 statui
629 2164 696 2230 eius
734 2165 927 2229 subventum
963 2165 1145 2228 interventu

130 2253 300 2338 principis,
331 2253 518 2336 praesertim
549 2275 621 2318 cum
650 2254 747 2318 etiam
776 2258 953 2319 statuarum
982 2254 1011 2317 ei
1040 2253 1145 2318 honor
1159 2279 1185 2319 ao

130 2342 250 2407 totiens
275 2343 419 2407 decretus
443 2343 485 2406 sit
504 2343 543 2406 ab
563 2342 611 2424 iis,
635 2342 690 2425 qui
708 2363 772 2406 ueri
789 2343 990 2429 ignorabant,
1009 2341 1087 2426 quid
1106 2342 1144 2406 de

130 2431 187 2497 illo
211 2431 331 2496 Paulus
354 2432 527 2515 proconsul
545 2430 793 2514 pronuntiasset.
839 2429 925 2507 Quae
947 2435 1070 2514 tamen,
1100 2433 1146 2494 mi

132 2519 275 2586 Secunde
299 2521 475 2603 carissime,
501 2541 568 2584 non
590 2541 627 2585 eo
650 2519 825 2605 pertinent,
857 2524 907 2603 ut,
939 2521 966 2584 si
995 2520 1073 2603 quid
1096 2520 1145 2584 illi

130 2610 207 2674 novi
231 2610 373 2675 criminis
398 2609 552 2692 obicitur,
575 2609 681 2673 mmus
705 2610 743 2672 de
766 2632 803 2675 eo
828 2610 1019 2674 audiendum
1042 2612 1145 2692 putes.

131 2698 274 2764 Libellos
302 2698 418 2763 Furiae
445 2697 570 2763 Primae
599 2698 815 2782 accusatricis,
846 2700 924 2763 Item
956 2698 1057 2782 ipsius
1086 2696 1146 2762 Ar·
1160 2724 1187 2764 rs

134 2786 253 2872 chippi,
276 2809 357 2872 quos
382 2789 475 2852 alteri
498 2788 654 2870 epistulae
676 2791 752 2851 tuae
774 2788 933 2872 iunxeras,
955 2788 1028 2874 legi

522 2951 598 3012 uxr.
622 2946 755 3031 [axin]

331 3053 358 3100 U.
383 3052 523 3100 PLINIUS
549 3053 702 3100 TRAIANO
725 3053 950 3103 IMPERATORL

98 3159 112 3206 1
200 3141 249 3206 Tu
282 3144 423 3227 quidem,
456 3143 597 3226 domine,
629 3144 909 3226 providentissime
940 3145 1074 3228 vereris,
1106 3165 1147 3208 ne

134 3232 322 3296 commissus
336 3232 461 3295 flumini
480 3236 575 3315 atque
593 3233 736 3297 itamari
755 3236 844 3297 lacus
863 3232 987 3318 effluat;
1011 3234 1067 3297 sed
1085 3254 1145 3318 ego
1161 3259 1189 3300 ao

132 3322 167 3385 in
190 3342 224 3384 re
247 3322 410 3404 praesenti
427 3322 587 3385 invenisse
610 3321 728 3404 videor,
748 3343 843 3405 quem
864 3322 905 3386 ad
922 3323 1053 3387 modum
1071 3321 1148 3387 huic

87 3411 275 3490 epericulo
296 3431 506 3476 occurrerem.
539 3407 652 3474 Potest
671 3412 756 3474 enim
773 3411 862 3475 lacus
881 3411 969 3476 fossa
987 3432 1089 3494 usque
1108 3411 1149 3475 ad

104 3494 234 3561 flumen
259 3499 383 3567 adduci
404 3523 468 3569 nec
493 3502 608 3569 tamen
629 3501 668 3567 in
686 3499 812 3566 humen
827 3501 944 3583 omitti,
961 3500 1021 3562 sed
1033 3501 1147 3564 relicto

88 3586 193 3659 quasi
212 3594 375 3680 margine
403 3595 579 3662 contineri
600 3593 731 3682 pariter
757 3594 791 3658 et
814 3588 934 3655 deins
976 3583 1037 3648 Sic
1057 3605 1166 3648 conse
