2506 3862
151 204 215 268 298
466 202 494 259 Ο.
514 203 612 258 PLINl
630 203 677 256 ET
696 202 849 257 TRAIANI

151 371 346 450 emerentur,
444 389 481 432 ea
503 389 577 451 pars
599 368 696 453 legis,
729 389 810 451 quae
837 368 900 431 iam
932 365 1056 449 pridem
1090 386 1167 447 con·

151 477 246 521 sensu
269 455 408 539 quodam
432 457 632 537 exolevisset,
654 457 867 520 necessarium
888 454 1070 521 existimavi
1089 474 1166 518 con-

151 546 254 610 sulere
283 549 328 630 te,
359 543 436 628 quid
461 546 652 611 servandum
684 549 821 629 putares.
867 543 980 630 Capita
1007 544 1088 628 legis
1102 544 1165 607 his

151 635 267 699 litteris
291 635 418 699 subieci.

536 763 621 823 exv.
649 763 781 840 [cxvi]
1196 786 1208 825 s

495 866 667 913 TRAIANUS
691 865 820 913 PLINIO.

217 956 332 1020 Merito
356 957 501 1040 haesisti,
530 954 674 1021 Secunde
698 957 872 1040 carissime,
905 955 983 1038 quid
1011 978 1030 1019 a
1059 959 1092 1019 te
1119 977 1168 1019 re·
1218 1028 1223 1035 ⁸

151 1046 248 1109 scribi
276 1049 437 1128 oporteret
464 1045 648 1109 censoribus
678 1045 933 1130 consulentibus,
965 1067 1006 1108 an
1132 1047 1168 1108 in

150 1138 296 1198 senatum
320 1136 454 1217 aliarum
478 1135 659 1218 civitatum,
687 1135 828 1198 eiusdem
851 1138 959 1198 tamen
981 1134 1167 1218 provinciae

152 1225 244 1287 cives.
289 1222 374 1287 Nam
406 1227 440 1288 et
465 1225 547 1310 legis
575 1225 747 1288 auotoritas
780 1227 813 1287 et
839 1224 937 1308 longa
967 1223 1166 1287 consuetudo
1182 1248 1207 1287 10

151 1316 303 1395 usurpata
327 1317 438 1377 eontra
460 1314 564 1398 legem
588 1314 622 1376 in
645 1313 805 1376 diversum
834 1335 961 1377 movere
989 1316 1021 1376 te
1047 1313 1167 1397 potuit.

151 1400 233 1464 Mihi
255 1402 317 1465 hoc
335 1406 622 1486 temperamentum
642 1403 710 1465 eius
728 1403 859 1485 placuit,
881 1405 918 1465 ut
937 1424 976 1465 ex
990 1403 1166 1485 praeterito

150 1490 232 1553 nihil
254 1512 457 1573 noueremus,
488 1492 543 1555 sed
566 1495 732 1555 manerent
755 1492 900 1575 quamvis
925 1494 1036 1554 contra
1058 1492 1166 1574 legem

150 1579 264 1642 adsciti
301 1601 574 1663 quarumcumque
613 1581 780 1644 civitatum
811 1581 911 1663 cives,
948 1581 983 1643 in
1018 1579 1166 1643 futurum

150 1672 256 1732 autem
284 1669 336 1733 lex
358 1668 512 1754 Pompeia
540 1670 775 1752 observaretur3
808 1670 899 1733 ouius
928 1670 994 1733 vim
1023 1669 1051 1732 si
1077 1672 1165 1733 retro
1181 1694 1206 1734 15

149 1779 277 1841 quoque
313 1759 448 1823 velimus
490 1757 667 1842 custodire,
703 1761 805 1823 multa
841 1779 970 1822 necesse
1007 1761 1056 1823 est
1094 1780 1166 1841 per-

152 1847 282 1910 turbari.

521 1957 621 2018 cxvi.
647 1955 794 2039 [orm]

350 2059 377 2107 G.
401 2059 540 2107 PLINIUS
565 2061 718 2108 TRAIANO
742 2061 967 2108 IMPERATORI.

116 2163 129 2210 1
153 2184 156 2191 ·
218 2147 280 2224 Qui
302 2150 426 2214 virilem
450 2153 560 2234 togam
584 2155 716 2215 sumunt
737 2152 789 2215 vel
811 2151 941 2235 nuptias
968 2151 1091 2215 faciunt
1113 2153 1165 2215 vel
1180 2175 1206 2214 ao

151 2238 263 2301 ineunt
285 2240 510 2323 magistratum
528 2241 579 2303 vel
599 2261 679 2323 opus
698 2240 864 2323 publicum
880 2240 1035 2324 dedicant,
1060 2243 1165 2305 solent

151 2330 252 2390 totam
277 2328 374 2392 bulen
397 2331 493 2411 atque
516 2330 612 2392 etiam
636 2351 654 2392 e
676 2329 769 2413 plebe
792 2350 858 2392 non
881 2331 1032 2413 exiguum
1053 2352 1165 2393 nume-

150 2439 221 2479 rum
245 2437 358 2481 vocare
381 2417 538 2500 binosque
562 2417 707 2482 denarios
730 2418 782 2483 vel
801 2419 945 2502 singulos
965 2419 1047 2482 dare.
1071 2418 1165 2494 Quod

115 2521 192 2568 can
216 2505 440 2570 celebrandum
464 2509 496 2570 et
519 2510 675 2590 quatenus
698 2511 801 2590 putes,
823 2528 904 2593 rogo
929 2508 1057 2571 scribas.
1090 2506 1164 2592 lpse

151 2595 235 2658 enim
269 2596 352 2658 sicut
384 2596 535 2679 arbitror,
564 2598 751 2680 praesertim
784 2618 823 2660 ex
856 2597 1063 2661 sollemnibus
1093 2618 1165 2660 cau·
1179 2620 1205 2660 ss

151 2684 207 2766 sis,
240 2683 477 2748 concedendum
508 2686 557 2749 ius
588 2686 801 2768 invitationis,
832 2686 878 2748 ita
907 2707 1031 2765 vereor,
1063 2708 1104 2749 ne
1132 2688 1164 2769 ii,

151 2773 207 2854 qui
243 2773 330 2836 mille
366 2772 527 2856 homines,
563 2773 723 2838 interdum
761 2776 857 2838 etiam
893 2776 1001 2858 plures
1038 2778 1165 2860 vocant,

150 2859 282 2924 modum
323 2863 473 2926 excedere
509 2866 542 2926 et
578 2864 612 2926 in
648 2864 786 2946 speciem
824 2863 987 2928 dianomes
1024 2864 1165 2928 incidere

150 2930 325 3013 videantur.

222 3165 236 3212 1
265 3175 299 3212 ea
325 3163 406 3229 parte
432 3161 505 3231 legis
532 3177 604 3230 quae
632 3180 659 3229 a,
687 3163 711 3214 si
738 3165 915 3217 revocaretur
939 3179 972 3217 ea
995 3182 1022 3232 p.
1046 3163 1065 3216 l.
1091 3181 1164 3231 quae

152 3231 259 3296 Oetae,
283 3247 371 3300 eaque
394 3248 459 3300 pars
484 3233 556 3303 legis
579 3233 636 3287 iam
658 3251 699 3302 pr.
720 3235 859 3301 Beroald„
882 3250 917 3287 aa
934 3253 961 3303 p.
981 3234 999 3288 l.
1020 3251 1084 3288 oum
1104 3235 1164 3289 iam

149 3320 190 3370 pr.
213 3302 304 3369 Orelli,
323 3319 387 3356 oum
405 3319 439 3357 ea
456 3323 484 3373 p.
498 3303 517 3358 l.
536 3304 594 3357 iam
607 3322 649 3373 pr.
665 3306 733 3359 KJ.
791 3311 807 3359 8
826 3321 864 3359 an
877 3305 1004 3375 legerent
1018 3307 1048 3359 in
1063 3322 1119 3360 sen.
1135 3325 1163 3372 a,

150 3389 187 3426 an
205 3374 234 3426 in
253 3390 310 3428 sen.
327 3407 358 3413 —
375 3374 448 3428 cives
467 3375 692 3429 adscriberentur
710 3377 856 3443 Beroaldj
876 3392 914 3429 an
936 3376 966 3429 in
985 3379 1085 3431 senatu
1103 3394 1163 3432 ma-

136 3459 209 3497 nere
217 3448 342 3512 possent
354 3445 476 3501 aliarum
493 3447 590 3504 Calua.
652 3452 685 3500 26
705 3447 914 3501 concedendum
927 3448 970 3501 ius
985 3447 1162 3504 invitationis

120 3512 257 3584 &besec
276 3519 373 3589 KII,
400 3537 480 3578 conc.
505 3520 578 3578 iussi
601 3519 817 3577 immutationes
837 3519 877 3585 A,
893 3519 1083 3572 concedendas
1100 3536 1162 3574 esse

106 3578 309 3646 uacationes
333 3593 431 3665 Orela,
451 3597 528 3654 KJ.
