2506 3862
574 217 602 272 C.
622 217 720 271 PLINI

576 387 710 444 XXXIV.

400 488 427 536 o.
451 488 590 534 anrus
614 487 752 536 maruno
778 487 842 536 suo
867 487 893 535 s.

102 595 116 642 1
204 576 304 642 Recte
331 577 445 661 fecisti,
473 578 560 661 quod
587 578 813 663 gladiatorium
844 600 961 641 munus
989 576 1152 642 Veronen-

137 665 227 730 sibus
250 668 369 731 nostris
392 667 578 750 promisisti,
605 689 625 730 a
648 667 765 750 quibus
795 667 872 730 olim
896 668 1022 750 amaris,
1050 668 1151 752 suspi-

137 756 227 839 oeris,
251 756 381 820 ornaris.
427 756 505 820 Inde
528 756 626 820 etiam
648 777 782 820 uxorem
812 757 1007 820 carissimam
1035 755 1096 820 tibi
1120 760 1152 820 et
1182 785 1195 825 a

136 845 399 930 probatissimam
422 845 574 927 habuisti,
598 846 688 909 euius
711 844 884 909 memoriae
913 849 968 909 aut
992 867 1073 930 opus
1097 847 1153 909 ali-

138 933 225 1017 quod
252 938 308 998 aut
336 934 553 1017 spectaculum
582 938 678 1017 atque
701 933 764 998 hoe
792 934 996 1017 potissimum
1019 935 1042 1018 t
1066 934 1153 1018 quod

103 1024 278 1088 amaxime
305 1023 410 1086 funeri
443 1023 625 1087 debebatur.
671 1022 839 1087 Praeterea
870 1027 961 1087 tanto
995 1045 1153 1088 consensu

136 1113 755 1287 ᾗῖἰῗῗῗὲῗέἔέἰξῖξζῗζὲἓῗῖῗὲ
775 1111 1151 1285 ἵξῖῡῗξᾞῗωῊὲξξῖὲἛ
1168 1230 1194 1269 10

102 1305 118 1354 3
137 1291 171 1353 in
190 1289 310 1354 edendo
329 1290 428 1353 fuisti.
465 1289 550 1354 Nam
573 1313 631 1374 per
653 1290 732 1355 haee
754 1291 851 1355 etiam
871 1312 1007 1375 magnus
1026 1292 1151 1355 animus

138 1379 325 1443 ostenditur.
361 1378 488 1443 Vellem
512 1378 690 1461 Africanae,
710 1401 789 1462 quas
809 1385 968 1444 coemeras
988 1380 1152 1464 plurimas,

137 1467 178 1530 ad
209 1468 415 1551 praefinitum
447 1469 531 1532 diem
564 1469 783 1533 occurrissent.
831 1467 903 1552 Sed,
938 1470 1014 1534 lieet
1051 1491 1152 1534 cessa-

137 1557 242 1621 verint
264 1557 338 1621 illae
362 1561 553 1640 tempestate
577 1557 732 1641 detentae,
750 1561 786 1621 tu
809 1561 918 1623 tamen
941 1559 1096 1641 meruisti,
1114 1562 1151 1622 ut

137 1650 304 1729 aooeptum
331 1647 392 1710 tibi
422 1647 522 1730 fieret,
550 1646 637 1729 quod
665 1669 728 1730 quo
753 1648 858 1712 minus
887 1647 1063 1731 exhiberes,
1086 1669 1152 1711 non
1167 1676 1194 1716 15

138 1758 196 1819 per
217 1739 250 1800 te
273 1737 371 1800 stetit.
418 1735 508 1800 Vale.

322 2128 358 2202 d.
386 2129 520 2201 PLINI
548 2129 736 2203 dunelm
764 2130 971 2204 SECUNDI

289 2286 1001 2434 nersuunaaou

457 2497 590 2564 LIBER
614 2498 836 2566 SEPTIMUS.

593 2645 700 2652 ——-.

636 2738 659 2796 I.
1111 2796 1132 2807 ,
1167 2762 1193 2801 so

403 2836 430 2883 C.
455 2837 593 2885 PLINIUS
618 2838 752 2887 GEMINO
777 2838 842 2886 SUO
867 2839 893 2887 S.

106 2941 120 2989 1
208 2923 319 2990 Terret
351 2949 401 2990 me
434 2927 513 2992 haee
544 2932 601 2992 tua
632 2933 699 2993 tam
733 2929 881 3013 pertinax
916 2930 1076 3012 valetudo,
1112 2933 1153 3013 et,

142 3034 336 3097 quamquam
351 3019 384 3078 te
398 3018 724 3100 temperantissimum
739 3018 892 3101 noverim,
906 3040 1018 3082 vereor
1036 3022 1153 3098 tamen,

106 3120 122 3166 a
141 3123 181 3166 ne
205 3103 283 3185 quid
305 3103 354 3166 illi
378 3105 472 3168 etiam
497 3106 532 3169 in
554 3127 658 3170 mores
682 3112 755 3171 tuos
778 3107 882 3172 liceat.
923 3106 1062 3171 Proinde
1085 3129 1153 3172 mo·

140 3212 215 3274 neo,
246 3193 405 3275 patienter
436 3195 580 3280 resistas3
611 3195 674 3260 hoe
704 3195 878 3280 laudabile,
910 3195 972 3258 hoo
1005 3199 1152 3260 salutare.
1168 3223 1193 3264 rs

107 3296 123 3345 3
142 3280 297 3345 Admittit
319 3281 460 3346 humana
482 3288 605 3370 natura,
629 3285 715 3368 quod
738 3286 863 3348 suadeo.
905 3282 978 3368 Ipse
1001 3289 1085 3349 certe
1109 3286 1154 3349 sio

209 3462 228 3507 3
245 3456 453 3524 gladiatorium
472 3459 554 3528 Dpr,
573 3459 642 3526 K.I,
665 3457 856 3530 gladiatorum
880 3462 917 3514 M
919 3476 972 3526 ςα,
992 3461 1078 3514 ΚΠ.

97 3524 186 3652 1723
193 3527 269 3591 adai,
291 3529 346 3580 aut
358 3546 433 3599 opus
448 3531 569 3600 aliquod
584 3531 710 3588 maxime
723 3530 844 3587 funebre
857 3530 993 3586 debeatm
1006 3531 1159 3599 &tridentum
