2506 3862
431 231 689 288 EPISTULARUM
708 237 821 286 isc-se.
1069 231 1135 298 275
1162 215 1165 221 ’

122 401 154 460 te
177 398 376 461 consulerem
400 396 438 460 de
461 417 513 479 eo,
542 396 628 479 quod
654 395 734 459 mihi
762 396 989 460 constitutione
1011 400 1068 460 tua
1090 395 1137 460 di·

122 507 222 571 gnum
243 486 419 550 videbatur.
455 485 514 569 Ea,
537 505 618 568 quae
641 488 717 548 sunt
739 485 899 568 utrimque
922 486 1062 567 recitata,
1084 486 1135 549 his

121 576 237 640 litteris
261 576 389 639 subieci.

188 733 360 781 EPISTULA
383 733 572 780 DOMITIANI
595 733 643 780 AD
668 732 873 780 TERENTIUM
896 731 1071 779 MAXIMUM.

94 853 106 892 a
187 823 317 888 Flavius
340 821 523 907 Archippus
546 823 759 907 philosophus
778 823 960 905 impetrarit
979 845 998 886 a
1015 844 1075 906 me,
1098 826 1134 885 ut
1153 839 1169 888 5

121 914 309 997 ag1um†ei
326 913 472 977 adderem
489 913 573 978 circa
586 911 781 994 Prusiadam,
795 913 932 994 patriam
951 932 1050 994 suam,
1067 914 1135 974 tam

120 1002 261 1085 uberem,
284 1003 373 1066 cuius
395 1001 501 1066 reditu
525 1023 601 1066 suos
624 1002 708 1065 alere
731 1005 850 1084 posset.
884 999 976 1077 Quod
995 1001 1025 1064 ei
1045 1022 1135 1084 prae-

122 1092 200 1154 stari
221 1091 305 1155 volo.
352 1088 515 1154 Summam
539 1111 711 1174 expensam
732 1090 917 1154 liberalitati
935 1112 1024 1154 meae
1042 1089 1134 1154 feres.

309 1250 464 1298 EIUSDEM
487 1250 536 1296 AD
560 1250 590 1295 L.
614 1249 746 1296 APPIUM
769 1248 944 1295 MAXIMUM.

82 1369 107 1408 ιο
187 1337 387 1423 Archippum
410 1340 653 1423 philosophum,
686 1339 806 1422 bonum
833 1339 938 1402 virum
961 1343 992 1403 et
1014 1339 1170 1422 profes-o

121 1431 204 1493 sioni
228 1451 303 1493 suae
322 1430 418 1493 etiam
436 1429 580 1493 moribus
598 1428 852 1512 respondentem,
876 1428 1132 1492 commendatum

120 1518 239 1582 habeas
262 1519 367 1601 velim,
390 1519 435 1581 mi
458 1517 611 1601 Maxime,
641 1521 673 1581 et
696 1517 825 1600 plenam
849 1517 879 1579 ei
900 1516 1134 1581 humanitatem

120 1611 209 1671 tuam
228 1611 369 1690 praestes
388 1606 422 1670 in
440 1608 489 1690 iis,
513 1629 594 1691 quae
617 1605 793 1671 verecunde
813 1627 831 1668 a
848 1608 880 1668 te
900 1605 1133 1669 desideraverit.

302 1749 305 1753 ’
413 1766 572 1814 amorem
595 1766 670 1812 nrvr
693 1765 841 1813 anavus.

81 1885 106 1925 1⁵
189 1854 350 1932 Quaedam
373 1857 440 1920 sine
464 1856 571 1939 dubio,
595 1854 743 1938 Quirites,
766 1856 837 1938 ipsa
858 1855 993 1918 felicitas
1012 1859 1168 1937 tempo-⁷

120 1967 192 2008 rum
216 1945 318 2031 edicit,
341 1967 399 2009 nec
422 1944 636 2028 expectandus
659 1949 707 2008 est
730 1945 764 2007 in
786 1944 825 2008 iis
850 1965 953 2008 novus
976 1944 1135 2027 princeps,

121 2033 238 2117 quibus
261 2035 352 2098 illum
375 2036 519 2120 intellegi
548 2034 624 2098 satis
648 2037 709 2116 est,
737 2055 809 2097 cum
835 2034 897 2097 hoc
925 2032 986 2096 sibi
1016 2032 1134 2096 civium

119 2145 263 2187 meorum
291 2124 446 2206 spondere
474 2124 577 2207 possit
604 2123 656 2186 vel
685 2144 752 2186 non
775 2123 937 2186 admonita
959 2122 1134 2206 persuasic,

120 2234 170 2276 me
194 2213 394 2276 securitatem
418 2214 561 2277 omnium
585 2212 684 2294 quieti
706 2233 795 2275 meae
817 2211 1019 2294 praetulisse,
1042 2215 1079 2274 ut
1102 2215 1134 2275 et

79 2329 106 2369 ao
119 2324 203 2365 nova
222 2301 375 2365 beneficia
393 2301 569 2366 conferrem
589 2306 621 2365 et
639 2304 712 2365 ante
730 2323 782 2364 me
797 2321 946 2364 concessa
965 2321 1132 2364 servarem.

119 2390 169 2454 Ne
184 2394 292 2454 tamen
306 2391 446 2473 aliquam
461 2391 585 2476 gaudiis
600 2390 738 2474 publicis
753 2389 875 2453 adferat
888 2389 1133 2453 haesitationem
1151 2404 1167 2452 8

119 2482 171 2543 vel
194 2501 317 2563 eorum,
342 2480 397 2562 qui
420 2480 680 2563 impetraverunt,
703 2478 881 2542 diffidentia
903 2479 956 2542 vel
979 2479 1045 2541 eius
1068 2499 1133 2541 mc·

119 2569 236 2651 moria,
267 2569 322 2652 qui
351 2569 525 2652 praestitit,
556 2569 768 2632 necessarium
798 2568 918 2651 pariber
947 2566 1065 2631 credidi
1097 2588 1133 2629 ac

118 2658 239 2720 laetum
268 2657 395 2721 obviam
424 2657 645 2721 dubitantibus
672 2657 904 2743 indulgentiam
933 2677 1037 2719 meam
1059 2655 1133 2718 mit-

79 2773 104 2812 as
118 2750 194 2809 tere.
226 2745 312 2810 Nolo
332 2747 493 2810 existimet
517 2746 696 2830 quisquam,
719 2746 805 2829 quod
828 2746 891 2809 alio
914 2745 1058 2828 principe
1081 2745 1167 2808 vela

118 2835 269 2919 privatim
292 2836 344 2898 vel
367 2834 493 2918 publice
517 2839 703 2898 consecutus
726 2835 780 2916 se,
808 2834 878 2898 ideo
903 2835 1016 2898 saltem
1039 2856 1058 2897 a
1080 2855 1132 2897 me

118 2925 263 3006 rescindi,
286 2928 322 2987 ut
345 2925 453 3007 potius
472 2924 554 2987 mihi
573 2925 693 2988 debeat.
718 2922 792 2988 Sint
808 2927 878 2986 rata
901 2927 934 2987 et
956 2927 1050 3006 certa,
1072 2944 1131 2987 nec

118 3014 291 3099 gratulatio
311 3013 408 3077 ullius
423 3013 608 3077 instauratis
623 3016 695 3097 eget
713 3013 870 3095 precibus,
889 3033 983 3095 quem
1001 3012 1132 3076 fortuna

117 3103 244 3186 imperii
267 3102 360 3166 uultu
382 3102 512 3165 meliore
534 3102 684 3185 respexit.
715 3099 768 3164 Me
786 3102 879 3165 novis
898 3100 1058 3165 beneficiis
1078 3124 1131 3165 va-

78 3211 189 3258 eoeare
211 3192 376 3275 patiantur
398 3194 430 3255 et
453 3213 490 3254 ca
513 3190 639 3254 demum
664 3189 766 3254 sciant
787 3189 930 3274 roganda
949 3211 1026 3272 esse,
1049 3211 1131 3272 quae

118 3302 184 3344 non
206 3281 334 3346 habent.

116 3406 328 3418 ἡ

190 3477 205 3525 c
234 3472 261 3527 u
280 3472 327 3526 oo
346 3473 420 3528 cirea
438 3492 464 3542 a,
484 3472 553 3529 rer.
577 3505 610 3514 -
637 3471 813 3528 emilanem
828 3471 920 3551 carp,
933 3469 1013 3520 ffl-
1036 3493 1070 3501 -
1099 3461 1165 3508 m

115 3543 238 3596 iuberem
258 3562 284 3610 a,
303 3545 373 3600 KI.
470 3552 503 3603 16
534 3545 753 3620 exspectandus
776 3546 823 3599 est
837 3541 878 3594 'un
895 3555 941 3591 us
956 3547 1059 3588 nouus
1075 3521 1214 3637 &wihi-

103 3613 165 3665 adc.
176 3615 238 3666 III
237 3619 303 3682 216,
319 3620 652 3686 spectandus—bonus
664 3621 748 3694 culp.
819 3619 864 3670 ‘nte
884 3608 980 3679 egeat
987 3601 1101 3741 ἔξω
1136 3619 1157 3644 ·‘
