2506 3862
405 199 663 255 EPISTULARUM
680 201 707 254 H
727 207 768 269 10,
789 208 829 255 11.
1081 203 1124 268 39

111 364 200 427 sione
223 363 345 428 iudices
369 363 471 447 petiit.
516 362 588 450 Ego
616 369 648 430 et
672 363 837 430 Cornelius
861 365 990 430 Tacitus
1016 367 1125 432 adesse

110 451 362 536 provincialibus
391 453 469 517 iussi
502 454 755 519 existimavimus
783 454 859 519 fidei
890 460 1018 520 nostrae
1052 479 1125 521 con-

109 541 218 606 venire
241 545 355 606 notum
383 543 509 606 senatui
531 543 635 608 facere
661 545 833 608 excessisse
856 542 1001 608 Priscum
1025 545 1125 609 inma-

110 632 212 695 nitate
236 635 269 695 et
292 631 425 696 saevitia
444 633 587 716 crimina,
607 633 724 716 quibus
749 632 817 697 dari
840 633 961 698 iudices
984 639 1125 717 possent,

83 741 182 786 soum
208 719 249 784 ob
271 720 457 785 innocentes
477 721 743 804 condemnandos,
766 722 1004 787 interficiendos
1028 725 1125 787 etiam

109 810 262 893 pecunias
290 810 474 894 accepisset.
520 810 700 894 Respondit
728 810 850 875 Fronto
880 810 988 876 Catius
1017 811 1161 895 deme-3

109 902 266 981 satusque
285 902 342 982 est,
365 899 502 982 nequid
524 899 609 963 ultra
632 899 880 983 repetundarum
903 900 1008 986 legem
1032 922 1125 983 quae-

109 991 240 1072 reretur,
265 988 435 1072 omniaque
463 989 599 1053 actionis
623 1010 699 1053 suae
721 989 792 1053 vela
819 991 869 1053 vir
896 990 1124 1054 movendarum

109 1077 313 1141 lacrimarum
341 1077 554 1160 peritissimus
583 1079 726 1160 quodam
756 1078 846 1143 velut
872 1082 968 1142 vento
996 1079 1124 1143 misera-

68 1192 94 1231 1o
109 1165 208 1230 tionis
232 1167 376 1249 inplevit.
412 1166 530 1252 Magna
554 1168 728 1250 contentio,
751 1168 860 1253 magni
882 1168 1044 1251 utrimque
1063 1169 1125 1233 cla-
1144 1187 1161 1233 4

109 1275 215 1318 mores
238 1256 310 1319 aliis
333 1256 552 1342 cognitionem
576 1261 705 1320 senatus
728 1257 799 1342 lege
828 1257 1025 1340 conclusam,
1053 1258 1125 1320 aliis

109 1344 245 1408 liberam
269 1345 472 1428 solutamque
492 1345 680 1427 dicentibus,
700 1349 921 1429 quantumque
944 1346 1126 1411 admisisset

108 1455 191 1517 reus,
214 1436 341 1498 tantum
364 1434 600 1499 vindicandum.
636 1433 821 1499 Novissime
844 1434 957 1499 consul
981 1435 1160 1521 designa-5

108 1525 162 1586 tus
185 1520 287 1586 Iulius
311 1521 424 1606 Ferox,
446 1525 497 1587 vir
519 1528 625 1588 rectus
652 1528 684 1588 ct
708 1528 846 1606 sanctus,
868 1523 970 1588 Mario
996 1525 1124 1608 quidem

69 1637 95 1677 15
110 1611 232 1675 iudices
256 1611 385 1676 interim
408 1613 533 1676 censuit
556 1614 686 1696 dandos,
714 1613 892 1677 evocandos
916 1618 1032 1697 autem,
1057 1615 1125 1697 qui-

110 1700 170 1764 bus
206 1700 365 1765 diceretur
396 1702 617 1766 innocentium
649 1723 769 1784 poenas
801 1700 990 1765 vendidisse.
1036 1699 1159 1777 Quaeo

108 1791 268 1853 sententia
290 1812 357 1854 non
375 1790 554 1873 praevaluit
574 1791 681 1873 modo,
700 1791 756 1855 sed
774 1791 905 1855 omnino
925 1794 999 1873 post
1017 1793 1123 1854 tantas

108 1879 322 1943 dissensiones
352 1879 416 1943 fuit
443 1881 512 1944 sola
538 1879 698 1963 frequens,
726 1879 978 1963 adnotatumque
1002 1880 1124 1962 experi-
1162 1902 1164 1906 ’

109 1969 236 2046 mentis,
256 1968 343 2051 quod
360 1968 452 2033 favor
470 1973 503 2032 et
525 1968 743 2033 misericordia
762 1988 849 2033 acres
868 1972 901 2033 et
918 1967 1123 2033 vehementes

66 2082 95 2123 20
109 2057 232 2140 primos
259 2058 399 2140 impetus
426 2056 560 2140 habent,
586 2059 743 2142 paulatim
777 2058 911 2122 consilio
940 2060 972 2121 et
999 2058 1123 2123 ratione

110 2147 202 2229 quasi
216 2147 372 2211 'restincta
391 2145 569 2210 considunt.
606 2145 700 2211 Unde
719 2147 834 2230 evenit,
852 2151 898 2226 ut,
922 2147 1010 2230 quod
1028 2148 1123 2211 multi
1143 2165 1158 2212 7
1196 2178 1199 2185 Δ

109 2236 248 2299 clamore
271 2237 430 2319 permixto
454 2239 593 2320 tuentur,
617 2258 712 2300 nemo
735 2236 916 2301 tacentibus
940 2237 1054 2300 ceteris
1078 2237 1123 2299 di-

109 2344 179 2388 cere
202 2324 293 2409 velit3
317 2325 453 2408 patescit
476 2325 575 2409 enim,
599 2346 672 2389 cum
696 2325 852 2409 separaris
876 2347 895 2388 a
917 2325 1025 2406 turba,
1049 2347 1122 2389 con-

107 2413 277 2496 templatio
301 2436 416 2498 rerum,
441 2436 521 2498 quae
544 2414 640 2478 turba
662 2418 823 2499 teguntur.
868 2412 1043 2496 Venerunt,
1067 2415 1123 2496 qui
1142 2429 1159 2478 8

65 2529 93 2569 aa
109 2503 219 2566 adesse
243 2507 333 2568 erant
351 2504 440 2586 iussi,
459 2502 611 2567 Vitellius
630 2501 818 2569 Honoratus
835 2506 867 2567 et
890 2501 1020 2566 Flavius
1039 2501 1122 2566 Mar-

109 2591 233 2675 cianus3
257 2614 297 2656 ex
320 2592 437 2675 quibus
460 2590 646 2657 Honoratus
665 2593 817 2656 trecentis
836 2591 967 2655 milibus
991 2591 1123 2655 exilium
1161 2626 1164 2631 ·

108 2680 226 2763 equitis
258 2681 398 2745 Romani
431 2685 616 2765 septemque
653 2682 830 2745 amicorum
867 2681 936 2744 eius
973 2681 1122 2744 ultimam
1161 2722 1166 2729 -

107 2791 254 2854 poenam,
277 2768 460 2835 Marcianus
483 2771 578 2834 unius
603 2771 720 2853 equitis
744 2769 883 2833 Romani
908 2769 1122 2855 septingentis

107 2859 239 2923 milibus
263 2860 356 2941 plura
379 2859 538 2943 supplicia
566 2860 759 2944 arguebatur
786 2859 913 2942 emisse3
941 2863 1009 2923 erat
1036 2859 1121 2923 enim

65 2973 93 3013 ao
106 2947 247 3013 fustibus
279 2968 398 3032 caesus,
429 2948 598 3012 damnatus
628 2949 663 3012 in
692 2949 872 3031 metallum,
904 2949 1122 3034 strangulatus

107 3039 142 3100 in
169 3057 302 3101 carcere.
350 3035 413 3101 Sed
439 3035 642 3101 Honoratum
672 3038 851 3124 cognitioni
879 3040 1007 3101 senatus
1035 3053 1157 3100 morsa

108 3129 291 3209 opportuna
324 3126 497 3209 subtraxit,
529 3125 710 3190 Marcianus
738 3126 888 3190 inductus
915 3129 963 3190 est
991 3126 1122 3190 absente

106 3213 226 3279 Prisco.
271 3213 386 3298 Itaque
413 3215 550 3280 Tuccius
575 3213 706 3279 Cerialis
736 3215 911 3280 consularis
939 3216 1008 3279 iure
1034 3236 1122 3278 sena·

107 3305 192 3368 torio
223 3304 412 3388 postulavit,
443 3308 480 3369 ut
511 3303 640 3369 Priscus
671 3305 787 3369 certior
816 3303 918 3388 fieret,
950 3305 1016 3368 sive
1047 3303 1123 3385 quia

63 3417 92 3459 as
107 3393 383 3475 miserabiliorem,
407 3395 474 3457 sive
498 3395 573 3477 quia
595 3393 836 3457 invidiosiorem
856 3393 925 3457 fore
948 3391 1122 3455 arbitraba-

106 3486 169 3566 tur,
193 3483 221 3547 si
243 3504 392 3566 praesens
414 3483 539 3566 fuisset,
562 3483 638 3566 sive,
657 3481 744 3565 quod
766 3483 905 3546 maxime
925 3480 1028 3562 credo,
1047 3482 1123 3563 quia

107 3571 337 3654 aequissimum
356 3575 423 3636 erat
442 3592 611 3636 commune
631 3573 752 3636 crimen
775 3571 815 3636 ab
834 3575 976 3653 utroque
997 3569 1139 3632 deiaudx
