2506 3862
389 230 646 285 EPISTULARUM
664 230 729 284 1111
747 236 789 298 11,
809 236 851 285 11.
1062 228 1125 293 221

114 394 213 459 Vides
245 417 264 457 a
296 395 441 478 medicis,
478 415 672 478 quamquam
713 395 748 458 in
784 394 915 459 adversa
946 393 1127 458 valetudine
1164 407 1180 457 5

114 483 197 547 nihil
220 484 303 548 servi
331 505 368 547 ac
394 484 489 548 liberi
509 484 678 566 differant,
709 485 839 548 mollius
869 488 978 548 tamen
1008 483 1127 547 liberos

115 573 367 655 clementiusque
390 573 529 637 tractari,
570 571 758 656 Recordare,
784 573 861 656 quid
884 594 1029 656 quaeque
1053 572 1129 637 civi-

115 666 164 726 tas
187 662 298 745 fuerit,
325 683 391 725 non
414 666 451 725 ut
473 662 643 746 despicias,
676 663 763 746 quod
785 685 853 727 esse
861 661 1019 815 tdesierit3
1044 661 1128 725 absit

89 751 280 834 ssuperbia,
312 751 475 853 asperitas.
519 749 590 816 Nec
621 752 766 816 timueris
800 754 1029 834 contemptum
1075 748 1129 814 An
1166 766 1181 814 6

116 840 347 923 contemnitur,
370 841 426 924 qui
448 840 636 993 imperium,
655 840 710 923 qni
732 841 835 904 fasces
857 839 964 923 habet,
941 839 1049 904 tnisi
1071 839 1129 903 hu·

115 929 258 993 miliset
244 929 506 1013 tsordidus,et
534 931 590 1013 qui
617 951 650 993 11
677 930 800 1013 primus
828 929 897 1013 ipse
930 928 1129 993 contemnit?

115 1017 200 1081 Male
223 1018 290 1081 vim
310 1041 400 1082 suam
418 1022 526 1102 potest
527 1041 561 1082 11
512 1018 717 1082 taliorum
737 1018 939 1083 contumeliis
958 1019 1129 1102 experitur,

116 1109 200 1171 male
226 1111 347 1171 terrore
374 1111 504 1172 venerat
505 1109 537 1172 io
565 1107 759 1191 adquiritur,
784 1109 945 1193 longeque
972 1108 1089 1172 valent
1065 1112 1131 1171 tior

76 1224 102 1264 10
117 1217 208 1260 amor
229 1196 269 1260 ad
293 1196 516 1279 obtinendum,
548 1196 635 1280 quod
657 1197 750 1279 velis,
773 1218 870 1281 quam
893 1198 999 1261 timor.
1044 1195 1129 1261 Nem
1159 1200 1162 1212 ¹

116 1286 215 1350 timor
237 1284 318 1368 abit,
350 1286 377 1349 si
400 1285 542 1368 recedas,
574 1289 682 1349 manet
709 1306 814 1368 emor,
847 1307 884 1350 ac
907 1287 989 1350 sicut
1018 1287 1073 1351 ille
1095 1287 1130 1350 in

117 1375 227 1439 odium
258 1375 312 1438 hic
343 1376 378 1438 in
409 1375 619 1439 reverentiam
652 1374 795 1438 vertitur.
847 1374 892 1439 Te
924 1397 1000 1439 vero
1033 1377 1129 1440 etiam
1168 1391 1182 1438 1

117 1468 213 1546 atque
236 1465 333 1528 etiam
357 1461 514 1549 (repetam
538 1461 638 1549 enim)
662 1464 846 1527 meminisse
875 1469 1002 1547 oportet
1030 1465 1130 1529 officii

116 1555 165 1617 tui
187 1553 320 1617 titulum
343 1573 381 1617 ac
402 1553 464 1618 tibi
486 1553 594 1636 ipsum
612 1553 825 1636 interpretari,
848 1554 942 1636 quale
960 1558 1130 1636 quantum-

77 1670 103 1710 11
118 1664 180 1725 que
195 1643 237 1706 111
252 1643 398 1707 ordinare
413 1647 533 1707 statum
546 1642 720 1706 liberarum
736 1643 911 1706 civitatum.
948 1641 1034 1707 Nam
1053 1642 1131 1725 quid

118 1731 319 1795 ordinatione
343 1732 482 1814 civilius,
513 1732 591 1814 quid
612 1732 761 1796 libertate
791 1731 985 1816 pretiosius?
1029 1729 1130 1794 Porro
1167 1745 1183 1793 8

117 1842 213 1903 quam
236 1824 343 1904 turpe,
370 1821 398 1885 11
422 1821 580 1885 ordinatio
604 1821 785 1903 eversione,
816 1819 948 1884 libertas
978 1820 1131 1884 servitute

117 1911 271 1973 mutetur!
297 1908 439 1993 Accedit,
454 1909 540 1992 quod
553 1910 615 1974 tibi
629 1913 790 1974 certamen
805 1914 854 1974 111
872 1914 987 1974 tecum.
1012 1906 1131 1972 Onerat

116 2003 149 2062 11
173 2000 361 2080 quaesturae
384 2002 458 2063 tuac
481 1999 581 2081 lama,
608 2021 704 2081 quam
732 2021 772 2062 111
794 1998 948 2082 Bithynia
976 1998 1131 2081 optimam

77 2116 104 2155 so
117 2088 277 2170 revexisti,
300 2092 410 2152 onerat
433 2088 655 2152 testimonium
673 2087 838 2172 principis,
861 2091 972 2152 onerat
989 2087 1132 2151 tribune-

117 2180 179 2259 tus,
201 2181 351 2260 praetura
373 2182 470 2260 atque
492 2177 572 2241 haec
594 2178 665 2260 ipse
686 2178 806 2262 legatio
834 2177 926 2260 quasi
952 2178 1131 2260 praemium

118 2265 200 2329 data.
246 2265 316 2341 Quo
340 2267 443 2352 magis
466 2266 634 2331 nitendum
658 2270 715 2349 est,
738 2289 779 2330 ne
802 2267 837 2329 in
858 2266 1036 2351 longinqua
1059 2287 1130 2348 pro·
1168 2281 1184 2328 9

117 2354 223 2419 vincia
238 2377 334 2439 quam
348 2355 589 2439 suburbanique
603 2357 688 2420 inter
706 2356 879 2419 servientes
894 2376 990 2436 quam
1004 2355 1132 2436 liberos,

118 2465 159 2507 ne
182 2448 267 2508 sorte
291 2465 387 2526 quam
410 2445 530 2509 iudicio
554 2446 685 2527 missus,
711 2466 752 2508 ne
775 2444 863 2508 rudis
893 2447 926 2507 et
947 2443 1132 2528 incognitus

79 2560 105 2600 25
120 2552 216 2615 quam
231 2534 415 2616 exploratus
428 2534 647 2618 probatusque
660 2533 840 2615 humanior,
858 2532 981 2615 melior,
999 2531 1134 2614 peritior

119 2621 218 2684 fnisse
240 2622 386 2705 videaris,
409 2644 482 2687 cum
506 2624 549 2687 sit
571 2623 700 2704 alioqui,
722 2626 760 2686 ut
779 2644 873 2704 saepe
893 2621 1020 2703 audisti,
1039 2642 1133 2703 saepe

119 2710 244 2795 legisti,
277 2713 379 2776 multo
408 2712 582 2776 deformius
612 2711 758 2776 amittere
786 2733 883 2794 quam
912 2732 979 2774 non
1001 2709 1133 2793 adsequi

118 2799 254 2863 laudem

185 2887 275 2953 Haeo
298 2890 395 2953 velim
419 2889 537 2972 credas,
560 2889 648 2972 quod
670 2889 764 2953 initio
788 2889 870 2972 dixi,
894 2889 1058 2972 scripsisse
1081 2911 1133 2952 me
1153 2904 1186 2952 10

80 3006 106 3045 10
121 2976 293 3041 admonent
279 2982 354 3060 t‚em
368 3000 434 3043 non
447 2978 711 3062 praecipientem,
731 2998 925 3061 quemquam
939 2979 1133 3062 praecipien-

120 3070 185 3130 tem
205 3088 341 3148 quoque.
371 3066 496 3151 Quippe
519 3089 585 3131 non
607 3089 727 3149 vereor,
750 3067 784 3130 in
807 3088 916 3131 amore
938 3089 978 3131 ne
1002 3067 1133 3131 modum

120 3156 318 3220 excesserim.
348 3154 462 3258 Neque
484 3157 570 3221 enim
588 3156 843 3240 periculum,
786 3160 833 3220 est
865 3177 905 3220 ne
928 3157 972 3220 sit
989 3157 1134 3237 nimium,

121 3245 207 3326 quod
230 3266 299 3309 esse
323 3247 498 3310 maximum
523 3246 626 3310 debet.
671 3244 760 3309 Vale.
793 3304 794 3308 ,

195 3443 210 3490 6
230 3437 285 3490 nisi
304 3438 353 3506 qni
371 3438 446 3492 hum.
466 3456 492 3504 a,
514 3437 575 3493 Otto
590 3441 650 3492 305.

525 3607 753 3616 ——-
