2506 3862
386 214 644 270 EPISTULARUM
664 221 811 270 roa-114.
1040 217 1104 281 297

92 380 148 462 qui
171 402 189 442 a
213 381 398 444 censoribus
425 381 620 465 legerentur,
649 379 816 444 dumtaxat
843 381 877 443 in
903 381 1106 466 paucissimis

91 469 275 532 civitatibus
299 467 386 532 aliud
409 470 480 534 aliis
504 470 598 533 iussit
619 469 744 533 inferre.
782 467 934 553 Superest
956 490 1047 554 ergo,
1069 474 1141 535 uta

92 559 160 643 ipse
188 557 352 642 dispicias,
383 579 425 621 an
452 559 487 622 in
514 558 663 622 omnibus
692 559 875 622 civitatibus
905 561 1027 622 certum
1051 560 1106 622 ali-

93 646 171 730 quid
195 669 314 730 omnes,
338 648 394 730 qui
413 645 526 711 deinde
545 647 694 711 buleutae
712 648 869 732 legentur,
892 646 1028 712 debeant
1046 670 1105 731 pro
1179 658 1181 669 ·

30 751 39 763 ’
65 737 228 802 aintroitu
260 736 342 800 dare.
387 735 486 820 Nam,
519 736 605 819 quod
634 737 669 800 in
700 740 889 821 perpetuum
920 759 1106 800 mansurum

58 826 60 830 ’
92 828 150 907 000,
173 848 192 888 a
215 829 247 889 te
270 825 422 889 constitui
446 826 545 909 decet,
568 826 658 891 cuius
680 826 774 889 factis
799 826 955 909 dictisque
974 824 1107 890 debetur

93 914 271 978 aeternitas.

466 1025 572 1085 exui.
598 1023 730 1102 [criu]

438 1127 610 1174 TRAIANUS
636 1127 765 1175 PLINIO.

53 1243 80 1282 ιο
160 1215 377 1282 Honorarium
397 1217 622 1282 decurionatus
644 1239 765 1302 omnes,
783 1219 840 1301 qui
860 1218 894 1280 in
917 1239 1044 1301 quaque
1066 1219 1108 1281 ci-

94 1307 194 1370 vitate
207 1305 381 1390 Bithyniae
400 1305 585 1371 decuriones
604 1306 696 1389 fiunt
714 1306 832 1380 inferre
846 1307 982 1371 debeant
999 1327 1108 1389 necne,

93 1396 127 1459 in
149 1395 334 1460 universum
357 1417 376 1458 a
398 1417 451 1459 me
473 1417 539 1458 non
565 1397 673 1479 potest
700 1397 806 1460 statui.
851 1394 890 1459 Id
916 1417 993 1480 ergo
1022 1395 1108 1478 quod

94 1506 219 1568 semper
248 1485 445 1548 tutissimum
476 1488 539 1568 est,
570 1486 764 1567 sequendam
792 1485 947 1567 cuiusque
970 1485 1108 1550 civitatis

93 1575 198 1659 legem
227 1577 307 1656 puto
335 1574 457 1638 scilicet
486 1573 637 1639 adversus
665 1596 729 1657 eos,
757 1574 813 1657 qui
835 1574 929 1637 inviti
951 1574 1034 1637 fiunt
1056 1574 1109 1638 de-

55 1689 80 1728 a
95 1663 241 1726 amianas
340 1663 374 1726 id
396 1663 546 1727 existimo
568 1666 706 1748 acturos,
728 1663 801 1744 ut†
818 1662 975 1746 praefatio
996 1664 1108 1726 ceteris

94 1752 300 1833 praeferatur.

481 1863 583 1921 cxiv.
609 1861 725 1939 [oxu]

294 1965 323 2011 0.
346 1963 485 2010 PLINIUS
510 1964 663 2011 namurco
687 1964 912 2012 100Ρο000001.

161 2052 256 2138 Lege,
280 2053 418 2136 domine,
439 2052 602 2137 Pompeia,
624 2055 815 2139 permissum
829 2054 1010 2137 Bithynicis
1034 2055 1142 2120 civi-1

55 2169 82 2208 ao
96 2142 217 2207 tatibus
245 2142 425 2207 adscribere
455 2142 529 2221 sibi,
562 2164 644 2226 quos
670 2145 804 2226 vellent,
835 2145 934 2227 cives,
965 2145 1041 2208 dum
1068 2167 1110 2209 ne

97 2253 192 2314 quern
216 2254 325 2296 earum
350 2233 526 2316 civitatum,
550 2254 631 2315 quae
654 2235 730 2297 suut
747 2232 957 2316 inBithynia.
986 2232 1109 2298 Eadem

95 2322 167 2407 lege
190 2322 344 2404 sancitur,
372 2321 488 2404 quibus
513 2321 551 2385 de
574 2322 678 2386 causis
706 2343 724 2384 e
746 2325 859 2386 senatu
882 2345 901 2386 a
924 2322 1109 2386 censoribus

96 2410 259 2474 eiciantur.
282 2407 361 2474 Inde
384 2432 435 2474 me
459 2410 588 2493 quidam
612 2432 652 2475 ex
675 2411 859 2475 censoribus
879 2411 1109 2475 consulendum
1128 2427 1143 2475 2

96 2502 298 2582 putaverimt,
321 2522 363 2563 an
386 2501 486 2563 eicere
509 2499 661 2564 deberent
684 2521 770 2582 eum,
794 2501 850 2582 qui
873 2503 956 2564 esset
979 2500 1109 2564 alteriue

56 2613 81 2653 aa
98 2588 245 2652 civitatis.
290 2588 373 2672 Ego,
396 2589 471 2671 quia
493 2589 546 2652 lex
573 2589 656 2654 sicut
679 2588 817 2653 adscribi
845 2590 946 2654 civem
969 2588 1145 2653 alienuma

98 2677 236 2759 vetabat,
259 2678 304 2740 ita
326 2678 386 2741 eici
409 2698 427 2741 e
445 2681 557 2741 senatu
577 2678 618 2742 ob
637 2678 721 2742 hanc
739 2698 867 2742 causam
886 2698 951 2741 nou
970 2678 1110 2759 iubebat,

96 2769 268 2848 praeterea,
286 2768 361 2848 qaia
374 2788 396 2830 0
415 2764 606 2849 quibusdam
624 2766 853 2831 adfirmabatur
871 2767 951 2831 mihi
969 2767 1003 2830 in
1022 2767 1110 2831 omni

97 2855 226 2919 civitate
249 2855 405 2938 plurimos
428 2877 497 2920 esse
520 2855 667 2920 buleutas
690 2856 823 2920 axeliis
847 2855 1039 2939 civitatibus,
1061 2856 1110 2920 fu·

97 2947 269 3026 torumque
293 2947 329 3007 ut
359 2944 454 3008 multi
476 2945 622 3008 homines
652 2945 836 3028 multaeque
864 2945 1008 3010 civitates
1037 2941 1110 3010 ebn-

169 3172 326 3243 4legentur
335 3173 564 3240 Soboefcr,K.H,
573 3172 706 3242 leguntur
714 3173 787 3243 culp.
824 3175 924 3242 14000.
934 3173 1109 3227 decuriones:

99 3241 129 3295 id
148 3244 227 3298 exiet.
248 3247 315 3298 aot:
337 3245 370 3296 ut
388 3243 514 3313 erogatio
533 3248 586 3298 cet.
605 3243 691 3313 praef.
713 3245 811 3299 Oetae.
830 3261 858 3310 a,
876 3244 1046 3298 decuriones.
1066 3259 1110 3296 oe·

98 3316 173 3367 teres
192 3315 272 3370 exist.
292 3316 323 3368 id
337 3316 400 3380 act,
419 3318 452 3369 ut
470 3314 596 3383 erogatio
614 3314 702 3384 praef.
718 3315 853 3382 Schocfer,
872 3315 1043 3369 decuriones.
1063 3330 1110 3368 eos

99 3384 148 3451 qui
167 3403 250 3456 super
267 3386 427 3456 legitimum
445 3402 592 3440 numerum
615 3386 719 3440 adiecti
738 3388 810 3453 sunt,
834 3386 866 3439 id
889 3386 967 3440 exist.
992 3387 1055 3453 act,
1078 3387 1111 3439 ut

99 3455 191 3523 pretio
209 3458 276 3512 dato
296 3459 348 3512 cet.
369 3457 457 3526 praef.
476 3459 546 3512 coai.
566 3459 604 3512 K.
686 3462 719 3511 at
744 3456 812 3526 quia
830 3474 850 3510 a
866 3456 1047 3523 quibusdam
1057 3455 1125 3502 effi.

98 3543 175 3651 00οὣ
186 3528 287 3653 (1ιὲοω
310 3527 367 3584 adf.
387 3530 429 3599 A,
452 3529 521 3599 quia
540 3528 577 3585 ab
598 3528 749 3602 atiquibus
766 3527 831 3582 adi.
849 3544 886 3591 o,
906 3523 993 3588 queo
1005 3517 1073 3569 aon.
1084 3517 1148 3562 nc·

89 3614 141 3651 roa
170 3638 186 3664 .,
237 3640 244 3654 .
