2506 3862
151 213 213 279 118
580 212 609 270 C.
627 213 726 269 PLINI

148 400 238 442 mora
257 381 289 443 et
307 379 439 461 antiqua
457 377 586 442 habent.
618 376 780 460 Frequens
800 379 847 442 ibi
864 381 897 442 et
914 378 1002 441 varia
1020 377 1159 441 venatio.

113 466 226 533 alnde
249 468 386 533 caeduae
409 467 508 532 silvae
531 487 604 530 cum
627 468 697 550 ipso
721 472 831 532 monte
854 466 1058 531 descendunt.
1090 464 1159 529 Has

148 557 231 620 inter
252 558 388 642 pingues
411 557 592 639 terrenique
616 557 714 620 colles
738 553 856 642 (neque
883 556 968 620 enim
990 555 1085 619 facile
1108 576 1160 618 us·

148 667 244 728 quam
268 668 389 728 saxum,
412 646 508 710 etiam
533 646 561 708 si
583 649 762 729 quaeratur,
786 642 939 730 occurrit)
962 645 1159 728 planissimis

147 737 267 819 campis
281 735 448 800 fertilitate
465 755 532 798 non
546 734 662 799 cedunt
681 735 886 817 opimamque
903 756 1040 799 messem
1058 735 1160 797 serius
1189 757 1200 798 a

113 828 283 907 stantum,
310 823 365 888 sed
392 845 458 887 non
485 824 591 889 minus
616 827 825 907 percoquunt.
872 821 939 886 Sub
962 823 1012 887 his
1035 844 1093 906 per
1115 823 1160 885 la-

147 917 199 978 tus
228 935 323 977 omne
349 913 461 976 vineae
487 913 697 997 porriguntur
723 934 885 996 unamque
915 912 1031 976 faciem
1062 912 1161 996 longe

146 1004 274 1086 lateque
298 1004 486 1084 contexunt3
510 1024 645 1084 quarum
669 1025 687 1065 a
713 1002 778 1066 fine
805 1002 935 1084 imoque
963 1001 1056 1084 quasi
1077 1022 1161 1064 mar·

95 1109 128 1157 10
147 1093 222 1177 gine
244 1092 375 1155 arbusta
397 1094 579 1157 nascuntur.
625 1090 721 1155 Prata
745 1090 819 1155 inde
844 1091 1022 1174 campique,
1045 1091 1160 1173 campi,

105 1190 107 1194 ‘
148 1202 228 1263 quos
251 1202 318 1244 non
340 1181 403 1243 nisi
426 1181 570 1265 ingentes
594 1180 692 1245 boves
712 1183 743 1244 et
760 1180 937 1244 fortissima
960 1183 1066 1245 aratra
1088 1201 1200 1262 per-10

146 1262 301 1354 iringunt.
347 1267 457 1333 Tantis
495 1269 616 1354 glaebis
653 1271 892 1333 tenacissimum
930 1270 1048 1351 solum,
1085 1288 1159 1330 cum

146 1360 286 1443 primum
313 1361 513 1441 prosecatur,
542 1358 699 1443 adsurgit,
729 1362 766 1422 ut
795 1380 881 1422 nono
913 1357 1041 1422 demum
1069 1358 1159 1421 sulco

95 1465 127 1513 11
146 1447 358 1532 perdometur.
404 1446 500 1510 Prata
522 1446 636 1510 florida
659 1451 691 1511 et
718 1469 864 1532 gemmea
886 1447 1043 1510 trifolium
1067 1447 1159 1509 alias-

148 1559 209 1620 que
236 1537 352 1602 herbas
380 1541 504 1601 teneras
532 1557 657 1619 semper
684 1539 716 1599 et
743 1538 856 1600 molles
884 1541 917 1601 et
944 1537 1037 1618 quasi
1058 1557 1158 1599 novas

147 1628 246 1690 alunt.
292 1624 415 1690 Cuncta
438 1627 523 1690 em'm
545 1625 738 1708 perennibus
761 1627 839 1689 rivis
866 1626 1065 1707 nutriuntur3
1094 1624 1200 1707 sed,1a

147 1716 204 1780 ubi
231 1738 332 1799 aquae
358 1716 547 1799 plurimum,
574 1716 666 1798 palus
694 1715 796 1799 nulla,
824 1716 899 1797 quia
923 1715 1042 1778 devexa
1065 1716 1159 1797 terra,

149 1805 306 1888 quidquid
336 1805 472 1888 liquoris
505 1805 628 1887 accepit
659 1824 718 1867 nec
750 1804 930 1887 absorbuit,
962 1803 1097 1867 effimdit
1125 1804 1160 1866 in

96 1911 128 1959 12
147 1893 297 1958 Tiberim.
338 1893 461 1958 Medios
486 1893 540 1956 ille
563 1914 657 1978 agros
681 1897 767 1957 secat
790 1894 920 1957 navium
943 1893 1068 1977 patiens
1093 1912 1159 1954 om-

147 2003 267 2065 nesque
293 1983 402 2066 fruges
432 1982 560 2045 devehit
590 1984 624 2045 in
653 1983 766 2046 urbem
794 1983 900 2046 hieme
930 1982 1097 2046 dumtaxat
1127 1984 1159 2045 et

147 2093 230 2154 vere,
253 2074 373 2134 aestate
396 2071 608 2134 summittitur
631 2072 843 2154 immensique
869 2071 1011 2135 fluminis
1039 2091 1159 2133 nomen
1173 2094 1200 2134 ao

96 2177 129 2225 13
148 2160 251 2223 arenti
274 2160 364 2223 alveo
388 2159 513 2242 deserit,
532 2163 685 2223 autumno
704 2162 846 2224 resumit.
883 2160 1034 2246 Magnam
1053 2160 1159 2243 capies

148 2250 357 2331 voluptatem,
380 2249 408 2312 si
429 2249 517 2311 huno
538 2249 678 2333 regionis
702 2250 800 2312 sitnm
828 2271 868 2314 ex
895 2253 1005 2313 monte
1029 2269 1159 2332 prospe-

148 2339 240 2402 xoris.
285 2336 400 2420 Neque
427 2338 511 2401 enim
539 2341 639 2401 terras
667 2338 741 2422 tibi,
769 2338 825 2401 sed
851 2338 989 2402 formam
1017 2338 1158 2420 aliquam

148 2428 189 2491 ad
211 2428 362 2491 eximiam
384 2426 656 2510 pulchritudinem
684 2428 804 2510 pictam
831 2427 989 2492 videberis
1018 2447 1159 2508 cernere;

149 2539 185 2581 ea
221 2517 384 2598 varietate,
421 2538 457 2580 ea
494 2515 716 2599 descriptione,
753 2537 956 2599 quocumque
987 2515 1158 2579 inciderint
1173 2539 1199 2578 aa

96 2622 130 2670 14
149 2607 243 2687 oculi,
266 2606 465 2670 reficientur.
514 2602 601 2669 Villa
633 2606 668 2667 in
700 2606 781 2669 colle
813 2607 877 2668 imo
910 2606 972 2669 sita
1003 2606 1160 2689 prospicit

149 2697 241 2778 quasi
267 2717 307 2758 ex
335 2716 473 2778 summo3
502 2695 546 2759 ita
573 2695 688 2758 leniter
715 2696 888 2758 etsensim
917 2695 999 2758 clivo
1027 2694 1160 2757 fallente

149 2785 326 2868 consurgit,
358 2788 408 2866 ut,
436 2805 509 2848 cum
541 2782 710 2847 ascendere
740 2787 772 2847 te
803 2805 870 2848 non
900 2787 1007 2867 putes,
1040 2783 1158 2847 sentias

116 2898 118 2902 ¹
148 2872 335 2937 ascendisse.
380 2871 410 2937 A
434 2876 525 2958 tergo
550 2871 793 2956 Appenninum,
816 2873 872 2937 sed
896 2873 1025 2958 longius
1047 2871 1160 2955 habet3

149 2962 265 3044 accipit
288 2961 328 3025 ab
351 2962 414 3025 hoc
437 2984 530 3026 auras
554 2961 731 3044 quamlibet
754 2983 865 3026 sereno
894 2966 926 3026 et
948 2961 1075 3045 placido
1099 2961 1160 3044 die,
1174 2984 1201 3024 ao

149 3053 346 3114 nontamen
369 3071 456 3114 acres
480 3055 512 3115 et
535 3051 736 3133 immodicas,
759 3050 815 3114 sed
838 3053 942 3135 spatio
966 3052 1035 3134 ipso
1058 3051 1160 3114 lassas

98 3153 130 3201 16
150 3142 181 3203 et
204 3139 364 3203 infractae.
406 3139 524 3226 Magna
547 3141 597 3203 sui
618 3143 709 3222 parte
732 3139 897 3203 meridiem
922 3143 1044 3223 spectat
1067 3140 1160 3203 aesti-

149 3251 289 3312 vumque
312 3230 412 3293 solem
435 3229 475 3293 ab
498 3229 578 3292 hora
597 3232 695 3310 sexta,
713 3228 883 3293 hibernum
907 3229 1071 3312 aliquanto
1095 3251 1161 3291 ma-

149 3320 252 3383 turius
281 3319 373 3400 quasi
400 3319 516 3383 invitat
543 3319 578 3381 in
603 3319 764 3400 porticum
791 3318 891 3381 latam
919 3321 951 3382 et
978 3339 1037 3401 pro
1063 3317 1159 3380 modo

222 3463 254 3512 18
280 3457 426 3524 omnisque
450 3457 601 3526 RFDpr,
624 3458 692 3510 K.I.
802 3462 836 3509 34
861 3473 911 3525 pro
937 3457 1020 3510 modo
1045 3456 1161 3526 longam

148 3529 288 3600 FDpra,
304 3531 373 3592 ΚΙ,
390 3528 450 3582 Otto
461 3532 522 3592 301,
539 3527 728 3596 prominulam
744 3530 786 3592 M,
797 3529 834 3582 K.
841 3529 882 3582 II.
897 3529 967 3583 coni.
980 3529 1049 3597 disp.
1061 3530 1079 3582 1
1082 3545 1113 3596 p.
1123 3532 1160 3582 21

145 3617 200 3666 pro
218 3601 301 3655 modo
320 3599 404 3654 villae
422 3599 544 3668 longam.
