<?xml version="1.0" encoding="UTF-8"?>
<!DOCTYPE html PUBLIC "-//W3C//DTD XHTML 1.0 Transitional//EN"
    "http://www.w3.org/TR/xhtml1/DTD/xhtml1-transitional.dtd">
<html xmlns="http://www.w3.org/1999/xhtml" xml:lang="en" lang="en">
 <head>
  <title>
</title>
<meta http-equiv="Content-Type" content="text/html;charset=utf-8" />
  <meta name='ocr-system' content='tesseract 3.04.00' />
  <meta name='ocr-capabilities' content='ocr_page ocr_carea ocr_par ocr_line ocrx_word'/>
</head>
<body>
  <div class='ocr_page' id='page_1' title='image "./cplinicaecilise04plingoog_0143.png"; bbox 0 0 2506 3862; ppageno 0'>
   <div class='ocr_carea' id='block_1_1' title="bbox 130 220 709 288">
    <p class='ocr_par' dir='ltr' id='par_1_1' title="bbox 130 220 709 288">
     <span class='ocr_line' id='line_1_1' title="bbox 130 220 709 288; baseline -0.002 0"><span class='ocrx_word' id='word_1_1' title='bbox 130 224 193 288; x_wconf 82' lang='lat'><strong>130</strong></span> <span class='ocrx_word' id='word_1_2' title='bbox 563 220 591 276; x_wconf 77' lang='lat' dir='ltr'><strong>C·</strong></span> <span class='ocrx_word' id='word_1_3' title='bbox 610 221 709 276; x_wconf 78' lang='grc' dir='ltr'>ΡΙιΙΝῙ</span> 
     </span>
    </p>
   </div>
   <div class='ocr_carea' id='block_1_2' title="bbox 72 383 1181 2943">
    <p class='ocr_par' dir='ltr' id='par_1_2' title="bbox 93 383 1181 828">
     <span class='ocr_line' id='line_1_2' title="bbox 93 383 1141 470; baseline -0.003 -16"><span class='ocrx_word' id='word_1_4' title='bbox 93 386 350 454; x_wconf 76' lang='lat' dir='ltr'><strong>oAdsenserunt</strong></span> <span class='ocrx_word' id='word_1_5' title='bbox 373 408 483 451; x_wconf 92' lang='lat' dir='ltr'><strong>omnes</strong></span> <span class='ocrx_word' id='word_1_6' title='bbox 506 391 632 470; x_wconf 89' lang='lat' dir='ltr'><strong>praeter</strong></span> <span class='ocrx_word' id='word_1_7' title='bbox 654 384 801 450; x_wconf 80' lang='lat' dir='ltr'><strong>Flavium</strong></span> <span class='ocrx_word' id='word_1_8' title='bbox 825 383 958 469; x_wconf 84' lang='lat' dir='ltr'><strong>Aprum.</strong></span> <span class='ocrx_word' id='word_1_9' title='bbox 989 384 1021 450; x_wconf 91' lang='lat' dir='ltr'><strong>Is</strong></span> <span class='ocrx_word' id='word_1_10' title='bbox 1045 388 1141 451; x_wconf 91' lang='lat' dir='ltr'><strong>inter-</strong></span> 
     </span>
     <span class='ocr_line' id='line_1_3' title="bbox 131 475 1141 559; baseline 0 -19"><span class='ocrx_word' id='word_1_11' title='bbox 131 475 300 542; x_wconf 86' lang='lat' dir='ltr'><strong>dicendum</strong></span> <span class='ocrx_word' id='word_1_12' title='bbox 324 477 354 540; x_wconf 91' lang='lat' dir='ltr'><strong>ei</strong></span> <span class='ocrx_word' id='word_1_13' title='bbox 377 475 641 541; x_wconf 74' lang='lat' dir='ltr'>advocationibus</span> <span class='ocrx_word' id='word_1_14' title='bbox 664 476 700 538; x_wconf 92' lang='lat' dir='ltr'><strong>in</strong></span> <span class='ocrx_word' id='word_1_15' title='bbox 730 476 985 559; x_wconf 84' lang='lat' dir='ltr'><strong>quinquennium</strong></span> <span class='ocrx_word' id='word_1_16' title='bbox 1016 476 1141 540; x_wconf 89' lang='lat' dir='ltr'><strong>censuit</strong></span> 
     </span>
     <span class='ocr_line' id='line_1_4' title="bbox 129 564 1142 650; baseline 0 -20"><span class='ocrx_word' id='word_1_17' title='bbox 129 570 169 649; x_wconf 84' lang='lat' dir='ltr'><strong>et,</strong></span> <span class='ocrx_word' id='word_1_18' title='bbox 193 565 339 650; x_wconf 88' lang='lat' dir='ltr'><strong>quamvis</strong></span> <span class='ocrx_word' id='word_1_19' title='bbox 363 565 524 629; x_wconf 87' lang='lat' dir='ltr'><strong>neminem</strong></span> <span class='ocrx_word' id='word_1_20' title='bbox 547 564 739 628; x_wconf 84' lang='lat' dir='ltr'><strong>auctoritate</strong></span> <span class='ocrx_word' id='word_1_21' title='bbox 767 565 930 649; x_wconf 75' lang='lat' dir='ltr'><strong>traxisset,</strong></span> <span class='ocrx_word' id='word_1_22' title='bbox 958 569 1142 631; x_wconf 79' lang='lat' dir='ltr'><strong>constanter</strong></span> 
     </span>
     <span class='ocr_line' id='line_1_5' title="bbox 127 652 1140 738; baseline 0.001 -20"><span class='ocrx_word' id='word_1_23' title='bbox 127 655 163 718; x_wconf 91' lang='lat' dir='ltr'><strong>in</strong></span> <span class='ocrx_word' id='word_1_24' title='bbox 186 655 344 719; x_wconf 88' lang='lat' dir='ltr'><strong>sententia</strong></span> <span class='ocrx_word' id='word_1_25' title='bbox 366 655 498 738; x_wconf 83' lang='lat' dir='ltr'><strong>mansit3</strong></span> <span class='ocrx_word' id='word_1_26' title='bbox 521 655 600 738; x_wconf 92' lang='lat' dir='ltr'><strong>quin</strong></span> <span class='ocrx_word' id='word_1_27' title='bbox 623 654 720 718; x_wconf 91' lang='lat' dir='ltr'><strong>etiam</strong></span> <span class='ocrx_word' id='word_1_28' title='bbox 743 652 915 736; x_wconf 85' lang='lat' dir='ltr'><strong>Dextrum,</strong></span> <span class='ocrx_word' id='word_1_29' title='bbox 938 656 994 737; x_wconf 94' lang='lat' dir='ltr'><strong>qui</strong></span> <span class='ocrx_word' id='word_1_30' title='bbox 1016 656 1140 738; x_wconf 88' lang='lat' dir='ltr'><strong>primus</strong></span> 
     </span>
     <span class='ocr_line' id='line_1_6' title="bbox 128 742 1181 828; baseline 0.002 -19"><span class='ocrx_word' id='word_1_31' title='bbox 128 745 289 809; x_wconf 83' lang='lat' dir='ltr'><strong>diversum</strong></span> <span class='ocrx_word' id='word_1_32' title='bbox 318 747 499 825; x_wconf 84' lang='lat' dir='ltr'><strong>censuerat,</strong></span> <span class='ocrx_word' id='word_1_33' title='bbox 529 744 656 826; x_wconf 91' lang='lat' dir='ltr'><strong>prolata</strong></span> <span class='ocrx_word' id='word_1_34' title='bbox 684 742 756 828; x_wconf 89' lang='lat' dir='ltr'><strong>lege</strong></span> <span class='ocrx_word' id='word_1_35' title='bbox 786 743 824 807; x_wconf 92' lang='lat' dir='ltr'><strong>de</strong></span> <span class='ocrx_word' id='word_1_36' title='bbox 852 747 965 807; x_wconf 90' lang='lat' dir='ltr'><strong>senatu</strong></span> <span class='ocrx_word' id='word_1_37' title='bbox 991 743 1139 808; x_wconf 89' lang='lat' dir='ltr'><strong>habendo</strong></span> <span class='ocrx_word' id='word_1_38' title='bbox 1169 772 1181 812; x_wconf 88' lang='lat' dir='ltr'><strong>s</strong></span> 
     </span>
    </p>

    <p class='ocr_par' dir='ltr' id='par_1_3' title="bbox 92 830 1181 1451">
     <span class='ocr_line' id='line_1_7' title="bbox 92 830 1141 918; baseline -0.002 -20"><span class='ocrx_word' id='word_1_39' title='bbox 92 833 231 898; x_wconf 76' lang='lat' dir='ltr'><strong>eiurare</strong></span> <span class='ocrx_word' id='word_1_40' title='bbox 255 832 361 918; x_wconf 69' lang='lat' dir='ltr'><strong>coligit</strong></span> <span class='ocrx_word' id='word_1_41' title='bbox 383 855 400 896; x_wconf 91' lang='lat' dir='ltr'><strong>e</strong></span> <span class='ocrx_word' id='word_1_42' title='bbox 423 855 458 896; x_wconf 91' lang='lat' dir='ltr'><strong>re</strong></span> <span class='ocrx_word' id='word_1_43' title='bbox 480 831 610 915; x_wconf 89' lang='lat' dir='ltr'><strong>publica</strong></span> <span class='ocrx_word' id='word_1_44' title='bbox 632 853 718 914; x_wconf 87' lang='lat' dir='ltr'><strong>esse,</strong></span> <span class='ocrx_word' id='word_1_45' title='bbox 741 832 828 914; x_wconf 93' lang='lat' dir='ltr'><strong>quod</strong></span> <span class='ocrx_word' id='word_1_46' title='bbox 851 834 1034 897; x_wconf 89' lang='lat' dir='ltr'><strong>censuisset.</strong></span> <span class='ocrx_word' id='word_1_47' title='bbox 1080 830 1141 896; x_wconf 82' lang='lat' dir='ltr'><strong>Cui</strong></span> 
     </span>
     <span class='ocr_line' id='line_1_8' title="bbox 127 921 1141 1007; baseline -0.001 -20"><span class='ocrx_word' id='word_1_48' title='bbox 127 943 323 1007; x_wconf 91' lang='lat' dir='ltr'><strong>quamquam</strong></span> <span class='ocrx_word' id='word_1_49' title='bbox 346 921 509 1007; x_wconf 81' lang='lat' dir='ltr'><strong>legitimae</strong></span> <span class='ocrx_word' id='word_1_50' title='bbox 539 921 751 1005; x_wconf 87' lang='lat' dir='ltr'><strong>postulationi</strong></span> <span class='ocrx_word' id='word_1_51' title='bbox 778 944 797 985; x_wconf 96' lang='lat' dir='ltr'><strong>a</strong></span> <span class='ocrx_word' id='word_1_52' title='bbox 825 921 1015 1004; x_wconf 90' lang='lat' dir='ltr'><strong>quibusdam</strong></span> <span class='ocrx_word' id='word_1_53' title='bbox 1042 922 1141 986; x_wconf 91' lang='lat' dir='ltr'><strong>recla-</strong></span> 
     </span>
     <span class='ocr_line' id='line_1_9' title="bbox 127 1009 1141 1094; baseline -0.002 -18"><span class='ocrx_word' id='word_1_54' title='bbox 127 1016 250 1076; x_wconf 91' lang='lat' dir='ltr'><strong>matum</strong></span> <span class='ocrx_word' id='word_1_55' title='bbox 284 1015 342 1075; x_wconf 92' lang='lat' dir='ltr'><strong>est.</strong></span> <span class='ocrx_word' id='word_1_56' title='bbox 400 1009 605 1094; x_wconf 81' lang='lat' dir='ltr'><strong>Exprobrare</strong></span> <span class='ocrx_word' id='word_1_57' title='bbox 638 1011 724 1074; x_wconf 89' lang='lat' dir='ltr'><strong>enim</strong></span> <span class='ocrx_word' id='word_1_58' title='bbox 756 1011 899 1074; x_wconf 90' lang='lat' dir='ltr'><strong>censenti</strong></span> <span class='ocrx_word' id='word_1_59' title='bbox 930 1009 1141 1075; x_wconf 89' lang='lat' dir='ltr'><strong>ambitionem</strong></span> 
     </span>
     <span class='ocr_line' id='line_1_10' title="bbox 125 1096 1140 1183; baseline -0.003 -18"><span class='ocrx_word' id='word_1_60' title='bbox 125 1101 303 1166; x_wconf 83' lang='lat' dir='ltr'><strong>videbatur.</strong></span> <span class='ocrx_word' id='word_1_61' title='bbox 363 1096 441 1183; x_wconf 83' lang='lat' dir='ltr'><strong>Sed,</strong></span> <span class='ocrx_word' id='word_1_62' title='bbox 478 1100 568 1183; x_wconf 88' lang='lat' dir='ltr'><strong>prius</strong></span> <span class='ocrx_word' id='word_1_63' title='bbox 605 1121 700 1182; x_wconf 89' lang='lat' dir='ltr'><strong>quam</strong></span> <span class='ocrx_word' id='word_1_64' title='bbox 738 1100 914 1163; x_wconf 88' lang='lat' dir='ltr'><strong>sententiae</strong></span> <span class='ocrx_word' id='word_1_65' title='bbox 951 1100 1140 1182; x_wconf 84' lang='lat' dir='ltr'><strong>dicerentur,</strong></span> 
     </span>
     <span class='ocr_line' id='line_1_11' title="bbox 125 1188 1181 1275; baseline 0.001 -21"><span class='ocrx_word' id='word_1_66' title='bbox 125 1188 296 1275; x_wconf 80' lang='lat' dir='ltr'><strong>Nigrinus,</strong></span> <span class='ocrx_word' id='word_1_67' title='bbox 323 1188 472 1254; x_wconf 89' lang='lat' dir='ltr'><strong>tribunus</strong></span> <span class='ocrx_word' id='word_1_68' title='bbox 496 1188 615 1273; x_wconf 88' lang='lat' dir='ltr'><strong>plebis,</strong></span> <span class='ocrx_word' id='word_1_69' title='bbox 646 1188 794 1251; x_wconf 80' lang='lat' dir='ltr'><strong>recitavit</strong></span> <span class='ocrx_word' id='word_1_70' title='bbox 815 1188 962 1252; x_wconf 89' lang='lat' dir='ltr'><strong>libellum</strong></span> <span class='ocrx_word' id='word_1_71' title='bbox 986 1188 1139 1252; x_wconf 89' lang='lat' dir='ltr'><strong>disertum</strong></span> <span class='ocrx_word' id='word_1_72' title='bbox 1155 1217 1181 1256; x_wconf 82' lang='grc' dir='ltr'><strong>ιι</strong></span> 
     </span>
     <span class='ocr_line' id='line_1_12' title="bbox 126 1275 1140 1364; baseline -0.002 -21"><span class='ocrx_word' id='word_1_73' title='bbox 126 1283 159 1343; x_wconf 93' lang='lat' dir='ltr'><strong>et</strong></span> <span class='ocrx_word' id='word_1_74' title='bbox 177 1300 317 1364; x_wconf 86' lang='lat' dir='ltr'><strong>gravem,</strong></span> <span class='ocrx_word' id='word_1_75' title='bbox 340 1299 405 1361; x_wconf 94' lang='lat' dir='ltr'><strong>quo</strong></span> <span class='ocrx_word' id='word_1_76' title='bbox 425 1282 557 1361; x_wconf 89' lang='lat' dir='ltr'><strong>questus</strong></span> <span class='ocrx_word' id='word_1_77' title='bbox 580 1280 630 1342; x_wconf 88' lang='lat' dir='ltr'><strong>est</strong></span> <span class='ocrx_word' id='word_1_78' title='bbox 647 1275 756 1342; x_wconf 81' lang='lat' dir='ltr'><strong>venire</strong></span> <span class='ocrx_word' id='word_1_79' title='bbox 774 1276 1008 1357; x_wconf 80' lang='lat' dir='ltr'><strong>advocationes,</strong></span> <span class='ocrx_word' id='word_1_80' title='bbox 1031 1278 1140 1342; x_wconf 81' lang='lat' dir='ltr'><strong>venire</strong></span> 
     </span>
     <span class='ocr_line' id='line_1_13' title="bbox 126 1366 1140 1451; baseline -0.002 -19"><span class='ocrx_word' id='word_1_81' title='bbox 126 1367 224 1432; x_wconf 89' lang='lat' dir='ltr'><strong>etiam</strong></span> <span class='ocrx_word' id='word_1_82' title='bbox 247 1367 551 1450; x_wconf 56' lang='lat' dir='ltr'><strong>praevaricationes</strong></span> <span class='ocrx_word' id='word_1_83' title='bbox 583 1366 617 1429; x_wconf 96' lang='lat' dir='ltr'><strong>in</strong></span> <span class='ocrx_word' id='word_1_84' title='bbox 639 1366 713 1429; x_wconf 88' lang='lat' dir='ltr'><strong>lites</strong></span> <span class='ocrx_word' id='word_1_85' title='bbox 742 1367 834 1448; x_wconf 86' lang='lat' dir='ltr'><strong>coiri,</strong></span> <span class='ocrx_word' id='word_1_86' title='bbox 867 1370 899 1430; x_wconf 88' lang='lat' dir='ltr'><strong>et</strong></span> <span class='ocrx_word' id='word_1_87' title='bbox 922 1366 1043 1451; x_wconf 88' lang='lat' dir='ltr'><strong>gloriae</strong></span> <span class='ocrx_word' id='word_1_88' title='bbox 1066 1368 1140 1430; x_wconf 89' lang='lat' dir='ltr'><strong>loeo</strong></span> 
     </span>
    </p>

    <p class='ocr_par' dir='ltr' id='par_1_4' title="bbox 92 1454 1180 2162">
     <span class='ocr_line' id='line_1_14' title="bbox 92 1454 1140 1540; baseline -0.002 -19"><span class='ocrx_word' id='word_1_89' title='bbox 92 1457 204 1540; x_wconf 70' lang='lat' dir='ltr'><strong>sponi</strong></span> <span class='ocrx_word' id='word_1_90' title='bbox 227 1478 267 1520; x_wconf 83' lang='lat' dir='ltr'><strong>ex</strong></span> <span class='ocrx_word' id='word_1_91' title='bbox 290 1456 404 1540; x_wconf 92' lang='lat' dir='ltr'><strong>spoliis</strong></span> <span class='ocrx_word' id='word_1_92' title='bbox 428 1457 545 1521; x_wconf 78' lang='lat' dir='ltr'><strong>civium</strong></span> <span class='ocrx_word' id='word_1_93' title='bbox 569 1457 761 1540; x_wconf 91' lang='lat' dir='ltr'><strong>magnoset</strong></span> <span class='ocrx_word' id='word_1_94' title='bbox 784 1459 847 1519; x_wconf 91' lang='lat' dir='ltr'><strong>stat</strong></span> <span class='ocrx_word' id='word_1_95' title='bbox 849 1477 885 1519; x_wconf 92' lang='lat' dir='ltr'><strong>os</strong></span> <span class='ocrx_word' id='word_1_96' title='bbox 907 1455 990 1519; x_wconf 91' lang='lat' dir='ltr'><strong>redit</strong></span> <span class='ocrx_word' id='word_1_97' title='bbox 976 1459 1037 1519; x_wconf 89' lang='lat' dir='ltr'><strong>tus.</strong></span> <span class='ocrx_word' id='word_1_98' title='bbox 1079 1454 1140 1519; x_wconf 77' lang='lat' dir='ltr'><strong>Re</strong></span> 
     </span>
     <span class='ocr_line' id='line_1_15' title="bbox 127 1543 1139 1646; baseline -0.001 -37"><span class='ocrx_word' id='word_1_99' title='bbox 127 1546 239 1610; x_wconf 83' lang='lat' dir='ltr'><strong>citavit</strong></span> <span class='ocrx_word' id='word_1_100' title='bbox 267 1547 372 1628; x_wconf 88' lang='lat' dir='ltr'><strong>capita</strong></span> <span class='ocrx_word' id='word_1_101' title='bbox 399 1545 524 1630; x_wconf 90' lang='lat' dir='ltr'><strong>legum,</strong></span> <span class='ocrx_word' id='word_1_102' title='bbox 556 1543 724 1608; x_wconf 91' lang='lat' dir='ltr'><strong>admonuit</strong></span> <span class='ocrx_word' id='word_1_103' title='bbox 753 1547 882 1608; x_wconf 88' lang='lat' dir='ltr'><strong>senatus</strong></span> <span class='ocrx_word' id='word_1_104' title='bbox 887 1545 1139 1646; x_wconf 83' lang='lat' dir='ltr'><strong>consultorum,</strong></span> 
     </span>
     <span class='ocr_line' id='line_1_16' title="bbox 126 1632 1180 1718; baseline -0.002 -20"><span class='ocrx_word' id='word_1_105' title='bbox 126 1635 161 1698; x_wconf 94' lang='lat' dir='ltr'><strong>in</strong></span> <span class='ocrx_word' id='word_1_106' title='bbox 183 1635 247 1699; x_wconf 91' lang='lat' dir='ltr'><strong>fine</strong></span> <span class='ocrx_word' id='word_1_107' title='bbox 271 1635 353 1699; x_wconf 78' lang='lat' dir='ltr'><strong>dixit</strong></span> <span class='ocrx_word' id='word_1_108' title='bbox 339 1634 548 1718; x_wconf 90' lang='lat' dir='ltr'><strong>tpetendum</strong></span> <span class='ocrx_word' id='word_1_109' title='bbox 576 1633 616 1697; x_wconf 93' lang='lat' dir='ltr'><strong>ab</strong></span> <span class='ocrx_word' id='word_1_110' title='bbox 645 1632 769 1716; x_wconf 91' lang='lat' dir='ltr'><strong>optimo</strong></span> <span class='ocrx_word' id='word_1_111' title='bbox 792 1632 949 1717; x_wconf 85' lang='lat' dir='ltr'><strong>principe,</strong></span> <span class='ocrx_word' id='word_1_112' title='bbox 981 1636 1031 1717; x_wconf 90' lang='lat' dir='ltr'><strong>ut,</strong></span> <span class='ocrx_word' id='word_1_113' title='bbox 1064 1635 1139 1716; x_wconf 92' lang='lat' dir='ltr'><strong>quia</strong></span> <span class='ocrx_word' id='word_1_114' title='bbox 1154 1661 1180 1702; x_wconf 73' lang='grc' dir='ltr'><strong>ιι</strong></span> 
     </span>
     <span class='ocr_line' id='line_1_17' title="bbox 125 1722 1140 1810; baseline -0.003 -22"><span class='ocrx_word' id='word_1_115' title='bbox 125 1724 222 1810; x_wconf 85' lang='lat' dir='ltr'><strong>leges,</strong></span> <span class='ocrx_word' id='word_1_116' title='bbox 245 1724 322 1808; x_wconf 91' lang='lat' dir='ltr'><strong>quia</strong></span> <span class='ocrx_word' id='word_1_117' title='bbox 345 1727 473 1788; x_wconf 88' lang='lat' dir='ltr'><strong>senatus</strong></span> <span class='ocrx_word' id='word_1_118' title='bbox 497 1722 644 1788; x_wconf 90' lang='lat' dir='ltr'><strong>consulta</strong></span> <span class='ocrx_word' id='word_1_119' title='bbox 668 1722 987 1805; x_wconf 82' lang='lat' dir='ltr'><strong>contemnerentur,</strong></span> <span class='ocrx_word' id='word_1_120' title='bbox 977 1744 1047 1805; x_wconf 79' lang='lat' dir='ltr'><strong>lpse</strong></span> <span class='ocrx_word' id='word_1_121' title='bbox 1070 1726 1140 1787; x_wconf 88' lang='lat' dir='ltr'><strong>tan-</strong></span> 
     </span>
     <span class='ocr_line' id='line_1_18' title="bbox 90 1811 1139 1896; baseline -0.003 -17.9"><span class='ocrx_word' id='word_1_122' title='bbox 90 1814 167 1878; x_wconf 79' lang='lat' dir='ltr'><strong>stis</strong></span> <span class='ocrx_word' id='word_1_123' title='bbox 199 1813 287 1878; x_wconf 81' lang='lat' dir='ltr'><strong>vitiis</strong></span> <span class='ocrx_word' id='word_1_124' title='bbox 320 1812 461 1877; x_wconf 88' lang='lat' dir='ltr'><strong>mederet</strong></span> <span class='ocrx_word' id='word_1_125' title='bbox 447 1816 509 1876; x_wconf 91' lang='lat' dir='ltr'><strong>tur.</strong></span> <span class='ocrx_word' id='word_1_126' title='bbox 561 1811 661 1876; x_wconf 91' lang='lat' dir='ltr'><strong>Pauci</strong></span> <span class='ocrx_word' id='word_1_127' title='bbox 694 1811 775 1894; x_wconf 88' lang='lat' dir='ltr'><strong>dies,</strong></span> <span class='ocrx_word' id='word_1_128' title='bbox 807 1813 839 1875; x_wconf 89' lang='lat' dir='ltr'><strong>et</strong></span> <span class='ocrx_word' id='word_1_129' title='bbox 870 1811 954 1875; x_wconf 89' lang='lat' dir='ltr'><strong>liber</strong></span> <span class='ocrx_word' id='word_1_130' title='bbox 982 1811 1139 1896; x_wconf 90' lang='lat' dir='ltr'><strong>principis</strong></span> 
     </span>
     <span class='ocr_line' id='line_1_19' title="bbox 126 1900 1139 1985; baseline -0.002 -19"><span class='ocrx_word' id='word_1_131' title='bbox 126 1924 253 1966; x_wconf 85' lang='lat' dir='ltr'><strong>severus</strong></span> <span class='ocrx_word' id='word_1_132' title='bbox 272 1906 305 1966; x_wconf 89' lang='lat' dir='ltr'><strong>et</strong></span> <span class='ocrx_word' id='word_1_133' title='bbox 318 1905 427 1965; x_wconf 89' lang='lat' dir='ltr'><strong>tamen</strong></span> <span class='ocrx_word' id='word_1_134' title='bbox 445 1901 641 1984; x_wconf 84' lang='lat' dir='ltr'><strong>moderatus3</strong></span> <span class='ocrx_word' id='word_1_135' title='bbox 664 1900 751 1985; x_wconf 88' lang='lat' dir='ltr'><strong>leges</strong></span> <span class='ocrx_word' id='word_1_136' title='bbox 770 1900 891 1984; x_wconf 83' lang='lat' dir='ltr'><strong>ipsum3</strong></span> <span class='ocrx_word' id='word_1_137' title='bbox 914 1903 963 1964; x_wconf 87' lang='lat' dir='ltr'><strong>ost</strong></span> <span class='ocrx_word' id='word_1_138' title='bbox 981 1900 1016 1963; x_wconf 91' lang='lat' dir='ltr'><strong>in</strong></span> <span class='ocrx_word' id='word_1_139' title='bbox 1033 1900 1139 1984; x_wconf 92' lang='lat' dir='ltr'><strong>publi-</strong></span> 
     </span>
     <span class='ocr_line' id='line_1_20' title="bbox 126 1989 1138 2074; baseline 0 -20"><span class='ocrx_word' id='word_1_140' title='bbox 126 1990 172 2054; x_wconf 85' lang='lat' dir='ltr'><strong>cis</strong></span> <span class='ocrx_word' id='word_1_141' title='bbox 204 1991 291 2055; x_wconf 89' lang='lat' dir='ltr'><strong>actis.</strong></span> <span class='ocrx_word' id='word_1_142' title='bbox 338 1989 441 2066; x_wconf 78' lang='lat' dir='ltr'><strong>Quam</strong></span> <span class='ocrx_word' id='word_1_143' title='bbox 474 2012 526 2054; x_wconf 93' lang='lat' dir='ltr'><strong>me</strong></span> <span class='ocrx_word' id='word_1_144' title='bbox 558 1991 661 2071; x_wconf 81' lang='lat' dir='ltr'><strong>iuvat,</strong></span> <span class='ocrx_word' id='word_1_145' title='bbox 693 1989 780 2072; x_wconf 92' lang='lat' dir='ltr'><strong>quod</strong></span> <span class='ocrx_word' id='word_1_146' title='bbox 807 1989 840 2053; x_wconf 94' lang='lat' dir='ltr'><strong>in</strong></span> <span class='ocrx_word' id='word_1_147' title='bbox 873 1990 977 2054; x_wconf 89' lang='lat' dir='ltr'><strong>causis</strong></span> <span class='ocrx_word' id='word_1_148' title='bbox 1005 1989 1138 2074; x_wconf 85' lang='lat' dir='ltr'><strong>agendis</strong></span> 
     </span>
     <span class='ocr_line' id='line_1_21' title="bbox 125 2077 1180 2162; baseline 0.003 -19"><span class='ocrx_word' id='word_1_149' title='bbox 125 2100 192 2143; x_wconf 91' lang='lat' dir='ltr'><strong>non</strong></span> <span class='ocrx_word' id='word_1_150' title='bbox 209 2079 305 2143; x_wconf 90' lang='lat' dir='ltr'><strong>modo</strong></span> <span class='ocrx_word' id='word_1_151' title='bbox 325 2079 482 2162; x_wconf 90' lang='lat' dir='ltr'><strong>pactione,</strong></span> <span class='ocrx_word' id='word_1_152' title='bbox 506 2077 600 2161; x_wconf 88' lang='lat' dir='ltr'><strong>dono,</strong></span> <span class='ocrx_word' id='word_1_153' title='bbox 623 2099 763 2161; x_wconf 85' lang='lat' dir='ltr'><strong>munere,</strong></span> <span class='ocrx_word' id='word_1_154' title='bbox 786 2079 1014 2142; x_wconf 87' lang='lat' dir='ltr'><strong>verumetiam</strong></span> <span class='ocrx_word' id='word_1_155' title='bbox 1033 2079 1136 2143; x_wconf 84' lang='lat' dir='ltr'><strong>xeniis</strong></span> <span class='ocrx_word' id='word_1_156' title='bbox 1151 2107 1180 2148; x_wconf 82' lang='lat' dir='ltr'><strong>ao</strong></span> 
     </span>
    </p>

    <p class='ocr_par' dir='ltr' id='par_1_5' title="bbox 90 2165 1138 2429">
     <span class='ocr_line' id='line_1_22' title="bbox 90 2165 1137 2251; baseline -0.001 -19"><span class='ocrx_word' id='word_1_157' title='bbox 90 2184 106 2232; x_wconf 81' lang='lat' dir='ltr'><strong>a</strong></span> <span class='ocrx_word' id='word_1_158' title='bbox 126 2189 251 2251; x_wconf 85' lang='lat' dir='ltr'><strong>semper</strong></span> <span class='ocrx_word' id='word_1_159' title='bbox 264 2167 418 2232; x_wconf 86' lang='lat' dir='ltr'><strong>abstinui!</strong></span> <span class='ocrx_word' id='word_1_160' title='bbox 442 2165 578 2251; x_wconf 90' lang='lat' dir='ltr'><strong>Oportet</strong></span> <span class='ocrx_word' id='word_1_161' title='bbox 597 2165 735 2249; x_wconf 91' lang='lat' dir='ltr'><strong>quidem,</strong></span> <span class='ocrx_word' id='word_1_162' title='bbox 759 2188 840 2249; x_wconf 90' lang='lat' dir='ltr'><strong>quae</strong></span> <span class='ocrx_word' id='word_1_163' title='bbox 863 2171 938 2232; x_wconf 92' lang='lat' dir='ltr'><strong>sunt</strong></span> <span class='ocrx_word' id='word_1_164' title='bbox 957 2168 1137 2250; x_wconf 91' lang='lat' dir='ltr'><strong>inhonesta,</strong></span> 
     </span>
     <span class='ocr_line' id='line_1_23' title="bbox 124 2255 1138 2341; baseline 0 -21"><span class='ocrx_word' id='word_1_165' title='bbox 124 2278 191 2321; x_wconf 93' lang='lat' dir='ltr'><strong>non</strong></span> <span class='ocrx_word' id='word_1_166' title='bbox 210 2258 299 2340; x_wconf 90' lang='lat' dir='ltr'><strong>quasi</strong></span> <span class='ocrx_word' id='word_1_167' title='bbox 320 2256 452 2338; x_wconf 84' lang='lat' dir='ltr'><strong>inlicita,</strong></span> <span class='ocrx_word' id='word_1_168' title='bbox 474 2256 530 2320; x_wconf 87' lang='lat' dir='ltr'><strong>sed</strong></span> <span class='ocrx_word' id='word_1_169' title='bbox 549 2255 641 2339; x_wconf 90' lang='lat' dir='ltr'><strong>quasi</strong></span> <span class='ocrx_word' id='word_1_170' title='bbox 659 2255 808 2339; x_wconf 92' lang='lat' dir='ltr'><strong>pudenda</strong></span> <span class='ocrx_word' id='word_1_171' title='bbox 825 2256 940 2341; x_wconf 82' lang='lat' dir='ltr'><strong>vitare3</strong></span> <span class='ocrx_word' id='word_1_172' title='bbox 962 2256 1138 2320; x_wconf 89' lang='lat' dir='ltr'><strong>iucundum</strong></span> 
     </span>
     <span class='ocr_line' id='line_1_24' title="bbox 123 2343 1138 2429; baseline 0 -20"><span class='ocrx_word' id='word_1_173' title='bbox 123 2349 245 2428; x_wconf 89' lang='lat' dir='ltr'><strong>tamen,</strong></span> <span class='ocrx_word' id='word_1_174' title='bbox 278 2346 306 2410; x_wconf 94' lang='lat' dir='ltr'><strong>si</strong></span> <span class='ocrx_word' id='word_1_175' title='bbox 332 2345 497 2429; x_wconf 87' lang='lat' dir='ltr'><strong>prohiberi</strong></span> <span class='ocrx_word' id='word_1_176' title='bbox 528 2344 657 2428; x_wconf 90' lang='lat' dir='ltr'><strong>publice</strong></span> <span class='ocrx_word' id='word_1_177' title='bbox 688 2343 811 2428; x_wconf 84' lang='lat' dir='ltr'><strong>videas,</strong></span> <span class='ocrx_word' id='word_1_178' title='bbox 844 2344 930 2427; x_wconf 94' lang='lat' dir='ltr'><strong>quod</strong></span> <span class='ocrx_word' id='word_1_179' title='bbox 961 2366 1138 2427; x_wconf 89' lang='lat' dir='ltr'><strong>numquam</strong></span> 
     </span>
    </p>

    <p class='ocr_par' dir='ltr' id='par_1_6' title="bbox 72 2432 1179 2943">
     <span class='ocr_line' id='line_1_25' title="bbox 72 2432 1138 2518; baseline -0.001 -19"><span class='ocrx_word' id='word_1_180' title='bbox 72 2451 106 2499; x_wconf 93' lang='lat'><strong>10</strong></span> <span class='ocrx_word' id='word_1_181' title='bbox 124 2434 186 2498; x_wconf 92' lang='lat' dir='ltr'><strong>tibi</strong></span> <span class='ocrx_word' id='word_1_182' title='bbox 212 2435 282 2518; x_wconf 91' lang='lat' dir='ltr'><strong>ipse</strong></span> <span class='ocrx_word' id='word_1_183' title='bbox 308 2433 500 2517; x_wconf 85' lang='lat' dir='ltr'><strong>permiseris.</strong></span> <span class='ocrx_word' id='word_1_184' title='bbox 545 2432 618 2497; x_wconf 84' lang='lat' dir='ltr'><strong>Erit</strong></span> <span class='ocrx_word' id='word_1_185' title='bbox 644 2432 797 2517; x_wconf 78' lang='lat' dir='ltr'><strong>fortasse,</strong></span> <span class='ocrx_word' id='word_1_186' title='bbox 824 2434 924 2498; x_wconf 89' lang='lat' dir='ltr'><strong>immo</strong></span> <span class='ocrx_word' id='word_1_187' title='bbox 952 2455 1018 2497; x_wconf 94' lang='lat' dir='ltr'><strong>non</strong></span> <span class='ocrx_word' id='word_1_188' title='bbox 1041 2435 1138 2499; x_wconf 87' lang='lat' dir='ltr'><strong>dubie</strong></span> 
     </span>
     <span class='ocr_line' id='line_1_26' title="bbox 124 2521 1179 2607; baseline 0.006 -21"><span class='ocrx_word' id='word_1_189' title='bbox 124 2522 220 2589; x_wconf 91' lang='lat' dir='ltr'><strong>huius</strong></span> <span class='ocrx_word' id='word_1_190' title='bbox 244 2524 402 2607; x_wconf 88' lang='lat' dir='ltr'><strong>propositi</strong></span> <span class='ocrx_word' id='word_1_191' title='bbox 426 2522 489 2587; x_wconf 91' lang='lat' dir='ltr'><strong>mei</strong></span> <span class='ocrx_word' id='word_1_192' title='bbox 513 2525 545 2586; x_wconf 91' lang='lat' dir='ltr'><strong>et</strong></span> <span class='ocrx_word' id='word_1_193' title='bbox 568 2523 674 2586; x_wconf 93' lang='lat' dir='ltr'><strong>minor</strong></span> <span class='ocrx_word' id='word_1_194' title='bbox 696 2521 766 2586; x_wconf 90' lang='lat' dir='ltr'><strong>laus</strong></span> <span class='ocrx_word' id='word_1_195' title='bbox 794 2526 826 2586; x_wconf 94' lang='lat' dir='ltr'><strong>et</strong></span> <span class='ocrx_word' id='word_1_196' title='bbox 854 2523 1020 2587; x_wconf 91' lang='lat' dir='ltr'><strong>obscurior</strong></span> <span class='ocrx_word' id='word_1_197' title='bbox 1042 2522 1138 2607; x_wconf 88' lang='lat' dir='ltr'><strong>fama,</strong></span> <span class='ocrx_word' id='word_1_198' title='bbox 1152 2551 1179 2592; x_wconf 78' lang='grc' dir='ltr'><strong>ιι</strong></span> 
     </span>
     <span class='ocr_line' id='line_1_27' title="bbox 125 2611 1138 2696; baseline 0.001 -20"><span class='ocrx_word' id='word_1_199' title='bbox 125 2633 199 2676; x_wconf 90' lang='lat' dir='ltr'><strong>cum</strong></span> <span class='ocrx_word' id='word_1_200' title='bbox 230 2634 339 2676; x_wconf 90' lang='lat' dir='ltr'><strong>omnes</strong></span> <span class='ocrx_word' id='word_1_201' title='bbox 373 2634 412 2676; x_wconf 87' lang='lat' dir='ltr'><strong>ex</strong></span> <span class='ocrx_word' id='word_1_202' title='bbox 441 2612 631 2676; x_wconf 89' lang='lat' dir='ltr'><strong>necessitate</strong></span> <span class='ocrx_word' id='word_1_203' title='bbox 653 2611 787 2695; x_wconf 89' lang='lat' dir='ltr'><strong>facient,</strong></span> <span class='ocrx_word' id='word_1_204' title='bbox 817 2612 903 2694; x_wconf 89' lang='lat' dir='ltr'><strong>quod</strong></span> <span class='ocrx_word' id='word_1_205' title='bbox 931 2633 991 2696; x_wconf 88' lang='lat' dir='ltr'><strong>ego</strong></span> <span class='ocrx_word' id='word_1_206' title='bbox 1022 2616 1138 2695; x_wconf 89' lang='lat' dir='ltr'><strong>sponte</strong></span> 
     </span>
     <span class='ocr_line' id='line_1_28' title="bbox 124 2699 1137 2784; baseline 0 -20"><span class='ocrx_word' id='word_1_207' title='bbox 124 2701 290 2766; x_wconf 83' lang='lat' dir='ltr'><strong>faciebam.</strong></span> <span class='ocrx_word' id='word_1_208' title='bbox 336 2699 469 2766; x_wconf 91' lang='lat' dir='ltr'><strong>Interim</strong></span> <span class='ocrx_word' id='word_1_209' title='bbox 491 2701 583 2765; x_wconf 77' lang='lat' dir='ltr'><strong>fruor</strong></span> <span class='ocrx_word' id='word_1_210' title='bbox 604 2701 784 2784; x_wconf 81' lang='lat' dir='ltr'><strong>voluptate,</strong></span> <span class='ocrx_word' id='word_1_211' title='bbox 812 2722 885 2764; x_wconf 94' lang='lat' dir='ltr'><strong>cum</strong></span> <span class='ocrx_word' id='word_1_212' title='bbox 913 2701 969 2764; x_wconf 91' lang='lat' dir='ltr'><strong>alii</strong></span> <span class='ocrx_word' id='word_1_213' title='bbox 992 2700 1137 2765; x_wconf 82' lang='lat' dir='ltr'><strong>divinum</strong></span> 
     </span>
     <span class='ocr_line' id='line_1_29' title="bbox 125 2789 1138 2874; baseline 0.002 -21"><span class='ocrx_word' id='word_1_214' title='bbox 125 2811 190 2873; x_wconf 90' lang='lat' dir='ltr'><strong>me,</strong></span> <span class='ocrx_word' id='word_1_215' title='bbox 222 2791 277 2854; x_wconf 90' lang='lat' dir='ltr'><strong>alii</strong></span> <span class='ocrx_word' id='word_1_216' title='bbox 309 2790 389 2854; x_wconf 89' lang='lat' dir='ltr'><strong>meis</strong></span> <span class='ocrx_word' id='word_1_217' title='bbox 418 2790 553 2873; x_wconf 88' lang='lat' dir='ltr'><strong>rapinis,</strong></span> <span class='ocrx_word' id='word_1_218' title='bbox 585 2811 675 2853; x_wconf 89' lang='lat' dir='ltr'><strong>meae</strong></span> <span class='ocrx_word' id='word_1_219' title='bbox 702 2789 855 2854; x_wconf 83' lang='lat' dir='ltr'><strong>avaritiae</strong></span> <span class='ocrx_word' id='word_1_220' title='bbox 883 2809 1050 2854; x_wconf 85' lang='lat' dir='ltr'><strong>occursum</strong></span> <span class='ocrx_word' id='word_1_221' title='bbox 1080 2813 1138 2874; x_wconf 89' lang='lat' dir='ltr'><strong>per</strong></span> 
     </span>
     <span class='ocr_line' id='line_1_30' title="bbox 125 2840 744 2943; baseline 0.003 -2"><span class='ocrx_word' id='word_1_222' title='bbox 125 2840 239 2942; x_wconf 82' lang='lat' dir='ltr'><strong>ludiim</strong></span> <span class='ocrx_word' id='word_1_223' title='bbox 261 2899 299 2942; x_wconf 93' lang='lat' dir='ltr'><strong>ac</strong></span> <span class='ocrx_word' id='word_1_224' title='bbox 321 2880 428 2943; x_wconf 89' lang='lat' dir='ltr'><strong>iocum</strong></span> <span class='ocrx_word' id='word_1_225' title='bbox 452 2879 517 2943; x_wconf 91' lang='lat' dir='ltr'><strong>dict</strong></span> <span class='ocrx_word' id='word_1_226' title='bbox 518 2879 609 2942; x_wconf 89' lang='lat' dir='ltr'><strong>itant</strong></span> <span class='ocrx_word' id='word_1_227' title='bbox 586 2877 744 2943; x_wconf 85' lang='lat' dir='ltr'><strong>tVale.</strong></span> 
     </span>
    </p>
   </div>
   <div class='ocr_carea' id='block_1_3' title="bbox 286 3039 1179 3192">
    <p class='ocr_par' dir='ltr' id='par_1_7' title="bbox 286 3039 1179 3192">
     <span class='ocr_line' id='line_1_31' title="bbox 532 3039 1179 3118; baseline 0.012 -19"><span class='ocrx_word' id='word_1_228' title='bbox 532 3042 611 3100; x_wconf 91' lang='lat' dir='ltr'><strong>XIV.</strong></span> <span class='ocrx_word' id='word_1_229' title='bbox 637 3039 729 3118; x_wconf 67' lang='lat' dir='ltr'>[XV]</span> <span class='ocrx_word' id='word_1_230' title='bbox 1151 3067 1179 3107; x_wconf 88' lang='lat' dir='ltr'><strong>ao</strong></span> 
     </span>
     <span class='ocr_line' id='line_1_32' title="bbox 286 3143 976 3192; baseline 0.001 -1"><span class='ocrx_word' id='word_1_231' title='bbox 286 3143 314 3191; x_wconf 87' lang='lat' dir='ltr'><strong>C.</strong></span> <span class='ocrx_word' id='word_1_232' title='bbox 337 3144 478 3192; x_wconf 82' lang='lat' dir='ltr'>PLINIUS</span> <span class='ocrx_word' id='word_1_233' title='bbox 501 3143 633 3192; x_wconf 82' lang='lat' dir='ltr'>PONTIO</span> <span class='ocrx_word' id='word_1_234' title='bbox 657 3143 834 3191; x_wconf 76' lang='lat' dir='ltr'>ALLIFANO</span> <span class='ocrx_word' id='word_1_235' title='bbox 859 3143 925 3192; x_wconf 88' lang='lat' dir='ltr'><strong>SUO</strong></span> <span class='ocrx_word' id='word_1_236' title='bbox 950 3143 976 3192; x_wconf 84' lang='lat' dir='ltr'><strong>S.</strong></span> 
     </span>
    </p>
   </div>
   <div class='ocr_carea' id='block_1_4' title="bbox 90 3231 1137 3408">
    <p class='ocr_par' dir='ltr' id='par_1_8' title="bbox 90 3231 1137 3408">
     <span class='ocr_line' id='line_1_33' title="bbox 90 3231 1137 3336; baseline 0.003 -39"><span class='ocrx_word' id='word_1_237' title='bbox 90 3249 105 3297; x_wconf 90' lang='lat'>1</span> <span class='ocrx_word' id='word_1_238' title='bbox 193 3231 391 3299; x_wconf 77' lang='lat' dir='ltr'><strong>Secesseram</strong></span> <span class='ocrx_word' id='word_1_239' title='bbox 409 3235 445 3298; x_wconf 90' lang='lat' dir='ltr'><strong>in</strong></span> <span class='ocrx_word' id='word_1_240' title='bbox 458 3235 679 3336; x_wconf 84' lang='lat' dir='ltr'><strong>municipium,</strong></span> <span class='ocrx_word' id='word_1_241' title='bbox 698 3254 771 3298; x_wconf 90' lang='lat' dir='ltr'><strong>eum</strong></span> <span class='ocrx_word' id='word_1_242' title='bbox 790 3232 871 3297; x_wconf 90' lang='lat' dir='ltr'><strong>mihi</strong></span> <span class='ocrx_word' id='word_1_243' title='bbox 888 3234 1073 3299; x_wconf 89' lang='lat' dir='ltr'><strong>nuntiatum</strong></span> <span class='ocrx_word' id='word_1_244' title='bbox 1088 3240 1137 3300; x_wconf 91' lang='lat' dir='ltr'><strong>est</strong></span> 
     </span>
     <span class='ocr_line' id='line_1_34' title="bbox 125 3320 1137 3408; baseline 0.001 -22"><span class='ocrx_word' id='word_1_245' title='bbox 125 3320 303 3389; x_wconf 79' lang='lat' dir='ltr'><strong>Cornutum</strong></span> <span class='ocrx_word' id='word_1_246' title='bbox 332 3323 512 3388; x_wconf 84' lang='lat' dir='ltr'><strong>Tertullum</strong></span> <span class='ocrx_word' id='word_1_247' title='bbox 541 3324 701 3408; x_wconf 85' lang='lat' dir='ltr'><strong>accepisse</strong></span> <span class='ocrx_word' id='word_1_248' title='bbox 731 3320 887 3387; x_wconf 84' lang='lat' dir='ltr'><strong>Aemiliae</strong></span> <span class='ocrx_word' id='word_1_249' title='bbox 917 3323 987 3388; x_wconf 88' lang='lat' dir='ltr'><strong>viae</strong></span> <span class='ocrx_word' id='word_1_250' title='bbox 1019 3344 1137 3389; x_wconf 89' lang='lat' dir='ltr'><strong>euram.</strong></span> 
     </span>
    </p>
   </div>
   <div class='ocr_carea' id='block_1_5' title="bbox 76 3461 1137 3668">
    <p class='ocr_par' dir='ltr' id='par_1_9' title="bbox 76 3461 1137 3668">
     <span class='ocr_line' id='line_1_35' title="bbox 186 3461 1137 3531; baseline 0.002 -18"><span class='ocrx_word' id='word_1_251' title='bbox 186 3463 359 3516; x_wconf 78' lang='lat' dir='ltr'><strong>JFIarium</strong></span> <span class='ocrx_word' id='word_1_252' title='bbox 383 3480 414 3530; x_wconf 86' lang='lat' dir='ltr'><strong>a</strong></span> <span class='ocrx_word' id='word_1_253' title='bbox 434 3463 562 3517; x_wconf 81' lang='lat' dir='ltr'><strong>Momms</strong></span> <span class='ocrx_word' id='word_1_254' title='bbox 584 3463 642 3516; x_wconf 78' lang='lat' dir='ltr'><strong>iud.</strong></span> <span class='ocrx_word' id='word_1_255' title='bbox 662 3462 700 3515; x_wconf 86' lang='lat' dir='ltr'><strong>K.</strong></span> <span class='ocrx_word' id='word_1_256' title='bbox 715 3479 745 3531; x_wconf 82' lang='grc' dir='ltr'><strong>ι.</strong></span> <span class='ocrx_word' id='word_1_257' title='bbox 760 3466 826 3528; x_wconf 82' lang='grc'><strong>411,</strong></span> <span class='ocrx_word' id='word_1_258' title='bbox 847 3462 987 3528; x_wconf 78' lang='lat' dir='ltr'><strong>0u0303,</strong></span> <span class='ocrx_word' id='word_1_259' title='bbox 1017 3461 1137 3516; x_wconf 83' lang='lat' dir='ltr'><strong>Fabium</strong></span> 
     </span>
     <span class='ocr_line' id='line_1_36' title="bbox 94 3503 1134 3607; baseline 0.001 -21"><span class='ocrx_word' id='word_1_260' title='bbox 94 3525 145 3585; x_wconf 68' lang='lat' dir='ltr'><em>ff</em></span> <span class='ocrx_word' id='word_1_261' title='bbox 164 3530 220 3591; x_wconf 71' lang='lat' dir='ltr'><em>K</em></span> <span class='ocrx_word' id='word_1_262' title='bbox 246 3536 372 3598; x_wconf 81' lang='lat' dir='ltr'><strong>praeter</strong></span> <span class='ocrx_word' id='word_1_263' title='bbox 397 3504 598 3590; x_wconf 79' lang='lat' dir='ltr'><strong>lacrumisin</strong></span> <span class='ocrx_word' id='word_1_264' title='bbox 599 3533 673 3591; x_wconf 91' lang='lat' dir='ltr'><strong>terd</strong></span> <span class='ocrx_word' id='word_1_265' title='bbox 697 3536 774 3607; x_wconf 64' lang='lat' dir='ltr'><strong>Dp„</strong></span> <span class='ocrx_word' id='word_1_266' title='bbox 791 3533 894 3590; x_wconf 81' lang='lat' dir='ltr'><strong>ortum</strong></span> <span class='ocrx_word' id='word_1_267' title='bbox 916 3551 949 3588; x_wconf 82' lang='lat' dir='ltr'><strong>ecc</strong></span> <span class='ocrx_word' id='word_1_268' title='bbox 972 3503 1003 3587; x_wconf 76' lang='lat' dir='ltr'><strong>d</strong></span> <span class='ocrx_word' id='word_1_269' title='bbox 1020 3535 1134 3601; x_wconf 84' lang='lat' dir='ltr'><strong>aprum’</strong></span> 
     </span>
     <span class='ocr_line' id='line_1_37' title="bbox 76 3568 739 3668; baseline 0.003 -2"><span class='ocrx_word' id='word_1_270' title='bbox 76 3568 220 3648; x_wconf 57' lang='lat' dir='ltr'><strong>symm</strong></span> <span class='ocrx_word' id='word_1_271' title='bbox 294 3609 331 3657; x_wconf 82' lang='grc'><strong>31</strong></span> <span class='ocrx_word' id='word_1_272' title='bbox 349 3605 491 3664; x_wconf 78' lang='lat' dir='ltr'><strong>Allifano</strong></span> <span class='ocrx_word' id='word_1_273' title='bbox 510 3611 581 3667; x_wconf 78' lang='lat' dir='ltr'><strong>add</strong></span> <span class='ocrx_word' id='word_1_274' title='bbox 600 3628 637 3668; x_wconf 73' lang='lat' dir='ltr'><strong>esc</strong></span> <span class='ocrx_word' id='word_1_275' title='bbox 659 3610 739 3668; x_wconf 80' lang='lat' dir='ltr'><strong>Ricc.</strong></span> 
     </span>
    </p>
   </div>
   <div class='ocr_carea' id='block_1_6' title="bbox 0 0 1258 3862">
    <p class='ocr_par' dir='ltr' id='par_1_10' title="bbox 0 0 1258 3862">
     <span class='ocr_line' id='line_1_38' title="bbox 0 0 1258 3862; baseline 0 1"><span class='ocrx_word' id='word_1_276' title='bbox 0 0 1258 3862; x_wconf 95' lang='lat' dir='ltr'><strong> </strong></span> 
     </span>
    </p>
   </div>
  </div>
 </body>
</html>
