2506 3862
404 214 662 270 EPISTULARUM
679 215 718 270 VI
736 220 849 269 32-33.
1069 214 1131 278 167

118 379 215 443 etiam
248 401 288 443 ex
320 380 482 462 superiore
514 379 665 443 basilicae
693 382 784 463 parte
813 401 876 462 qua
902 378 1040 442 feminae
1069 400 1133 461 qua

117 469 178 533 viri
202 472 234 532 et
257 467 415 549 audiendi,
439 468 525 551 quod
548 469 688 550 difficile,
712 472 762 552 et,
777 468 864 551 quod
886 467 989 550 facile,
1007 467 1132 530 visendi

118 557 224 621 studio
245 557 466 621 imminebant.
506 556 625 642 Magna
649 559 828 641 expectatio
855 561 992 641 patrum,
1015 577 1132 642 magna

95 647 266 730 ‚filiarum
285 668 403 731 magna
425 646 522 711 etiam
541 668 758 711 novercarum.
797 645 932 711 Secutus
956 650 1005 710 est
1024 646 1130 709 varius
1168 661 1184 708 5

91 740 260 804 seventus.
305 734 391 799 Nam
415 734 541 800 duobus
565 736 707 800 consiliis
730 737 875 816 vicimus,
897 735 1032 799 totidem
1053 734 1131 798 victi

119 847 237 889 sumus.
282 823 445 888 Notabilis
477 847 607 909 prorsus
641 830 674 890 et
705 827 786 889 mira
818 824 927 888 eadem
960 825 994 888 in
1027 835 1141 905 causa,
1205 818 1207 822 ’

118 913 220 978 isdem
260 913 433 996 iudicibus,
474 913 575 978 isdem
613 914 788 992 advocatis,
832 914 943 978 eodem
986 916 1131 996 tempore

118 1006 209 1067 tanta
240 1002 406 1067 diversitas
439 1003 564 1087 accidit,
595 1024 679 1085 casu,
707 1003 794 1087 quod
824 1025 890 1067 non
923 1023 1014 1066 casus
1046 1001 1132 1065 vide-

118 1095 214 1155 retur.
259 1090 356 1157 Victa
388 1096 436 1156 est
465 1114 602 1157 noverca
631 1093 701 1176 ipsa
729 1093 822 1156 heres
845 1115 885 1156 ex
912 1095 1003 1175 parte
1033 1094 1132 1173 sexta,
1169 1105 1184 1153 6

78 1211 104 1250 10
118 1180 222 1245 victus
256 1179 445 1264 Suberinus,
477 1182 533 1264 qui
561 1182 770 1246 exheredatus
803 1204 822 1244 a
852 1185 943 1265 patre
976 1180 1132 1265 singulari
1192 1200 1196 1208 ·

44 1279 46 1282 '
118 1270 306 1353 inpudentia
338 1271 434 1335 alieni
465 1272 566 1354 patris
597 1271 683 1336 bona
714 1270 898 1336 vindicabat
933 1291 1000 1334 non
1036 1289 1132 1332 ausus

118 1360 168 1423 sui
191 1363 308 1444 petere.

184 1448 273 1514 Haeo
300 1449 362 1513 tibi
389 1449 533 1533 exposui,
560 1450 700 1532 primum
729 1453 766 1512 ut
794 1471 833 1512 ex
861 1449 1000 1533 epistula
1025 1448 1131 1531 scires,
1169 1463 1184 1510 7

119 1559 200 1621 quae
228 1561 268 1602 ex
296 1538 440 1602 oratione
467 1559 534 1602 non
560 1542 698 1622 poteras,
726 1537 840 1602 deinde
870 1534 960 1625 (nam
984 1537 1131 1622 detegam

78 1655 104 1695 ra
118 1625 215 1713 artes)
250 1630 287 1691 ut
317 1627 495 1692 orationem
524 1627 679 1692 libentius
707 1629 838 1712 legeres,
869 1627 897 1691 si
928 1648 994 1690 non
1025 1627 1131 1710 legere

118 1716 188 1798 tibi,
220 1717 276 1780 sed
309 1717 462 1780 interesse
494 1715 614 1781 iudicio
646 1715 813 1801 videreris;
846 1739 952 1800 quam,
984 1715 1027 1778 sit
1055 1715 1132 1777 licet

117 1826 244 1889 magna,
260 1827 326 1868 non
345 1805 478 1888 despero
497 1807 634 1891 gratiam
653 1805 860 1870 brevissimae
879 1805 1131 1887 impetraturam.

117 1892 202 1957 Nam
226 1897 258 1957 et
282 1895 372 1978 copia
395 1916 502 1958 rerum
526 1899 558 1959 et
580 1900 695 1980 arguta
718 1894 874 1958 divisione
898 1898 930 1957 et
952 1893 1130 1957 narratiun-
1168 1906 1184 1955 s

119 1982 199 2046 culis
223 1981 369 2064 pluribus
394 1987 426 2047 et
449 1984 620 2066 eloquendi
645 1984 798 2048 varietate
820 1985 1002 2047 renovatur.
1049 1979 1131 2044 Sunt

78 2099 105 2139 ro
119 2071 221 2134 multa
245 2067 326 2157 (non
348 2071 497 2136 auderem
520 2073 583 2136 nisi
605 2073 666 2137 tibi
690 2069 808 2159 dicere)
832 2073 923 2153 elata,
947 2070 1050 2134 multa
1074 2093 1131 2153 pu·

119 2160 241 2246 gnaoia,
268 2161 371 2224 multa
399 2161 539 2225 subtilia.
590 2159 767 2226 Intervenit
794 2162 880 2225 enirn
910 2160 1036 2225 acribus
1066 2159 1130 2223 illis
1168 2175 1183 2222 9

119 2253 151 2313 et
183 2250 297 2313 erectis
334 2249 484 2333 frequens
515 2252 687 2315 necessitas
724 2251 920 2334 conputandi
957 2271 994 2314 ao
1029 2270 1130 2331 paene

118 2338 258 2403 calculos
288 2337 495 2421 tabulamque
525 2340 686 2424 poscendi,
719 2344 756 2403 ut
784 2344 914 2423 repente
947 2337 980 2401 in
1013 2337 1131 2420 privati

117 2427 228 2492 iudicii
255 2428 392 2491 formam
420 2429 649 2493 centumvirale
679 2433 829 2493 vertatur.
875 2427 1030 2491 Dedimus
1059 2426 1184 2490 vela10

77 2543 104 2584 rr
119 2516 342 2600 indignationi,
371 2517 515 2581 dedimus
542 2518 616 2602 irae,
644 2517 789 2582 dedimus
817 2517 920 2581 dolori
949 2520 981 2580 et
1008 2516 1042 2578 in
1065 2514 1130 2578 ain·

86 2615 87 2619 ’
118 2605 262 2689 plissima
277 2627 373 2669 causa
391 2606 483 2689 quasi
501 2628 619 2692 magno
638 2609 719 2671 mari
737 2607 883 2691 pluribus
898 2606 1001 2669 ventis
1020 2625 1130 2667 sumus

117 2695 210 2759 vecti.
256 2692 294 2758 In
322 2717 447 2759 summa
475 2695 580 2759 solent
612 2696 740 2777 quidam
774 2718 813 2760 ex
846 2693 1129 2760 contubernalibus
1150 2709 1182 2757 11

117 2783 236 2847 nostris
264 2783 447 2848 existimare
474 2782 558 2849 hanc
585 2785 762 2849 orationem
790 2782 922 2872 (iterum
950 2780 1068 2868 dicam)
1094 2785 1131 2846 ut

117 2872 202 2936 inter
229 2893 316 2936 meas
344 2873 387 2948 ὡς
413 2867 498 2959 ὑπὲρ
525 2876 764 2957 Κτησιφῶντος
795 2895 876 2956 esse,
909 2896 951 2936 an
982 2894 1064 2954 vere,
1093 2875 1130 2935 tu

77 2989 103 3029 so
117 2963 270 3026 facillime
298 2961 465 3044 iudicabis,
493 2962 549 3044 qui
581 2965 649 3025 tam
680 2963 866 3026 memoriter
894 2965 984 3026 tenes
1012 2981 1130 3041 omnes,

117 3055 154 3114 ut
182 3050 325 3115 conferre
353 3073 426 3116 eum
454 3052 528 3131 hac,
556 3051 631 3115 dum
659 3051 743 3116 hano
771 3052 872 3114 solam
895 3051 990 3135 legis,
1017 3049 1130 3132 possis.

117 3138 207 3204 Vale.

189 3357 205 3404 8
220 3351 296 3420 quod
310 3369 366 3406 non
376 3352 485 3420 Dpra,
503 3351 563 3405 Otto
573 3354 634 3416 303,
648 3367 704 3404 non
720 3350 794 3418 quod
806 3351 849 3415 M,
864 3350 902 3402 K.
950 3353 983 3401 10
999 3346 1135 3416 e[Attiusl

119 3421 271 3476 Suberinus
290 3425 331 3478 vel
344 3425 439 3491 potius
458 3421 630 3476 Suburanus’
655 3424 784 3477 Momms.
800 3421 865 3474 rua.
877 3423 984 3487 plot.
