2506 3862
124 202 189 265 346
561 200 589 256 Ο.
607 201 707 255 PLIM

124 365 256 450 oblivio,
270 367 413 452 neglegit
427 367 592 450 carpitque
606 367 792 450 posteritas,
811 369 923 429 contra
936 368 1146 449 contemptor

124 454 311 519 ambitionis
340 460 372 520 et
398 456 542 520 infinitae
570 455 739 539 potestatis
768 454 908 518 domitor
936 477 972 519 ac
996 454 1145 519 frenator

125 544 251 607 animus
274 546 344 627 ipsa
367 548 527 610 vetustate
549 544 691 609 florescit
713 566 772 608 nec
791 543 830 606 ab
849 544 926 607 ullis
945 544 1048 628 magis
1072 543 1143 608 lau·

126 631 229 711 datur,
253 656 349 716 quam
373 633 492 716 quibus
515 634 648 698 minime
670 655 798 698 necesse
818 637 874 697 est.
905 630 1085 715 Praeterea,
1105 637 1144 696 ut

126 723 260 805 quisque
283 723 386 787 factus
406 727 454 786 est
472 724 631 807 princepS,
654 723 816 805 extemplo
835 721 921 785 fama
940 723 1016 805 eius,
1039 723 1143 786 incer·
1172 750 1184 790 a

73 829 107 879 10
125 814 195 874 tum
222 810 308 876 bona
335 835 377 875 an
403 812 496 894 mala,
528 816 669 876 ceterum
699 815 826 876 aeterna
856 814 913 875 est.
956 808 1033 874 Nou
1063 833 1144 896 ergo

88 894 97 921 '
125 904 281 983 perpetua
303 901 442 985 principi
464 902 559 983 fama,
583 923 664 984 quae
687 901 826 965 invitum
844 904 961 984 manet,
980 899 1036 964 sed
1055 899 1144 964 bona

127 989 381 1073 concupiscenda
404 993 467 1073 est,
491 1012 528 1053 ea
545 1012 642 1074 porro
664 1011 732 1054 non
749 989 944 1074 imaginibus
964 993 996 1054 et
1015 990 1144 1072 statuis,

73 1098 105 1146 11
127 1077 182 1142 sed
205 1080 324 1142 virtute
347 1101 384 1143 ac
407 1080 530 1143 meritis
553 1083 753 1164 prorogatur.
791 1077 876 1154 Quin
899 1079 995 1142 etiam
1018 1077 1143 1142 leviora

125 1167 213 1250 haec,
235 1168 373 1232 formam
397 1169 551 1251 principis
571 1169 781 1253 figuramque,
803 1190 870 1231 non
888 1189 1000 1230 aurum
1023 1168 1142 1231 melius
1158 1195 1184 1235 11

125 1257 178 1320 111
192 1262 360 1342 argentum
375 1280 472 1339 quam
490 1258 582 1320 favor
600 1257 768 1321 hominum
787 1257 947 1340 exprimat
960 1260 1142 1339 teneatque.

127 1343 219 1419 Quod
243 1346 372 1428 quidem
395 1347 520 1429 prolixe
538 1346 599 1410 tibi
618 1347 843 1429 cumulateque
862 1346 1030 1431 contingit,
1049 1347 1142 1410 cuius

125 1434 302 1498 laetissima
324 1435 423 1499 facies
446 1440 478 1500 et
501 1435 648 1499 amabilis
671 1436 780 1499 vultus
799 1435 834 1498 in
857 1435 1002 1498 omnium
1021 1435 1142 1499 civium

128 1544 190 1607 ore,
215 1525 325 1606 oculis,
348 1525 455 1588 animo
480 1525 576 1588 sedet.

73 1611 120 1679 56
192 1611 372 1678 Adnotasse
395 1636 452 1678 vos
476 1613 579 1696 credo,
601 1617 708 1696 patres
729 1613 911 1696 conscripti,
934 1613 998 1675 iam
1018 1611 1141 1676 dudum
1157 1641 1182 1680 1⁵

127 1727 178 1768 me
205 1725 272 1766 non
299 1703 425 1788 eligere,
453 1724 534 1785 quae
556 1703 700 1766 referam.
743 1700 950 1785 Propositum
978 1706 1027 1765 est
1054 1702 1142 1765 enim

126 1792 207 1857 mihi
230 1792 407 1875 principem
426 1791 564 1875 laudare,
582 1813 648 1854 non
666 1791 820 1874 principis
838 1790 932 1855 facta.
969 1787 1054 1853 Nam
1072 1791 1143 1854 lau-

127 1882 246 1945 dabilia
268 1882 370 1944 multa
389 1880 485 1945 etiam
505 1881 582 1944 mali
599 1880 732 1963 faciunt,
749 1881 818 1963 ipse
835 1879 959 1943 laudari
977 1880 1040 1943 nisi
1059 1881 1142 1964 opti-

127 1992 198 2034 mus
221 1991 288 2033 non
310 1973 425 2053 potest.
463 1968 568 2045 Quare
590 1991 657 2033 non
679 1970 742 2033 alia
764 1969 876 2052 maior,
893 1969 1069 2051 imperator
1086 1991 1143 2032 au-

128 2064 230 2145 guste,
260 2060 363 2143 gloria
393 2062 458 2142 tua,
488 2081 585 2142 quam
615 2058 702 2141 quod
730 2058 900 2143 agentibus
930 2057 991 2122 tibi
1021 2059 1141 2143 gratias
1156 2086 1183 2125 so

91 2165 107 2213 2
127 2148 209 2212 nihil
227 2148 398 2212 velandum
417 2147 574 2230 estnihil
593 2146 815 2211 omittendum.
847 2146 974 2229 Ecquid
992 2151 1041 2210 est
1055 2148 1142 2211 enim

127 2238 161 2301 in
175 2237 358 2320 principatu
372 2240 438 2319 tuo,
453 2237 539 2320 quod
556 2238 744 2319 cuiusquam
761 2237 955 2319 praedicatio
970 2237 1022 2301 111
1040 2240 1143 2300 trans·
1214 2265 1216 2273 ·

128 2327 215 2390 silire
238 2327 290 2390 vel
312 2325 512 2410 praetervehi
535 2326 671 2390 debeat?
707 2323 799 2400 Quod
821 2329 1031 2408 momentum,
1055 2326 1142 2408 quod

127 2416 227 2480 immo
252 2416 405 2498 temporis
428 2419 584 2498 punctum
608 2418 664 2478 aut
691 2414 846 2478 beneficio
875 2415 983 2478 sterile
1009 2418 1065 2478 aut
1087 2437 1143 2478 va-

129 2526 224 2570 cuum
247 2503 363 2568 laude?
399 2501 476 2568 Nou
499 2505 607 2568 omnia
633 2503 701 2566 eius
724 2503 821 2585 modi,
844 2506 882 2566 ut
907 2503 935 2566 is
964 2505 1085 2587 optime
1108 2509 1184 2571 teas

127 2593 274 2657 laudasse
296 2593 451 2676 rideatur,
474 2594 530 2676 qui
554 2593 731 2656 narraverit
757 2591 963 2656 fidelissime?
1001 2591 1071 2668 Quo
1095 2593 1143 2676 fit,

128 2687 165 2747 ut
187 2704 288 2765 prope
310 2683 345 2745 iu
367 2683 560 2745 immensum
579 2682 776 2746 diffrmdatur
799 2682 900 2744 oratio
920 2703 1000 2765 mea,
1019 2685 1141 2746 111111-

94 2772 206 2834 adum
231 2771 269 2834 de
292 2772 422 2835 biennio
445 2772 569 2853 loquor.
602 2769 704 2846 Quam
727 2771 830 2834 multa
853 2769 920 2833 diri
941 2769 979 2834 de
998 2770 1143 2835 modera-

129 2860 227 2942 tione,
255 2864 287 2924 et
314 2865 434 2943 quanto
462 2861 554 2943 plura
582 2859 686 2924 adhuc
712 2860 847 2922 restant!
876 2863 913 2922 ut
940 2860 1029 2942 illud,
1055 2860 1142 2944 quod

130 2948 304 3013 secundum
328 2950 529 3014 consulatum
552 2949 710 3031 recepisti,
730 2949 805 3030 quia
827 2949 976 3032 princeps
995 2953 1027 3013 et
1049 2953 1143 3032 pater
1157 2976 1184 3015 11

130 3037 298 3102 deferebat.
331 3035 384 3120 At,
402 3041 574 3122 postquam
587 3038 629 3119 ad
647 3042 679 3102 te
693 3038 820 3120 imperii
839 3059 997 3101 summam
1017 3041 1049 3101 et
1068 3059 1142 3102 cum

130 3127 275 3192 omnium
297 3149 403 3190 rerum
426 3131 496 3191 tum
520 3126 617 3191 ctiam
640 3127 689 3191 tui
709 3130 902 3210 potestatem
922 3126 954 3190 di
972 3128 1142 3191 transtule-

129 3220 214 3299 runt,
236 3216 367 3279 tertium
392 3216 593 3280 consulatum
611 3216 775 3298 recusasti,
796 3236 868 3280 cum
888 3238 981 3301 agere
999 3220 1066 3280 tam
1086 3216 1143 3280 bo·

201 3380 216 3425 2
244 3390 277 3426 ac
299 3372 331 3426 fr.
356 3389 436 3427 cauo
455 3374 483 3427 B
502 3374 571 3440 K.I,
590 3391 603 3427 e
621 3374 680 3428 sais
697 3375 773 3427 codd.
789 3381 900 3442 praeter
922 3373 961 3427 W
977 3373 1088 3440 Baete,
1113 3377 1143 3428 et

123 3445 208 3499 Kella·
222 3445 298 3500 codd.
310 3450 425 3515 praeter
437 3446 474 3513 B,
489 3446 583 3512 K.II;
601 3446 648 3499 Aa
659 3462 687 3513 p.
698 3449 741 3499 49.
751 3448 795 3498 23.
868 3449 938 3496 4-6
957 3444 1141 3498 Praeterea—

110 3517 232 3571 aeterua
253 3520 299 3574 est
310 3519 351 3587 Α,
373 3518 500 3592 Caspia,
516 3519 580 3576 ΚΙ
591 3524 677 3588 tomq.
690 3517 804 3581 insitio,
815 3517 938 3570 111111.
952 3517 1049 3592 11111,ι
1059 3517 1144 3581 ΚΠ,

95 3586 206 3644 Baete.
249 3582 1162 3665 21omittendum.nequidmota.‚1³utw=‚om·ut·tautmu-
