2506 3862
584 216 612 272 C.
631 217 729 271 PLINI

631 386 681 445 IX.

434 487 461 536 c.
485 487 624 535 numius
647 485 736 535 uaso
761 486 826 535 suo
851 487 877 535 s.
933 480 936 485 '

115 594 128 641 1
216 574 302 642 Olim
334 599 401 641 non
431 577 551 641 librum
584 577 618 640 in
649 598 772 659 manus,
798 598 865 640 non
892 577 1003 641 stilum
1032 579 1171 664 sumpsi,

150 667 227 730 olim
250 667 369 750 nescio,
392 666 469 749 quid
494 666 536 730 sit
559 667 676 749 otium,
697 666 774 749 quid
798 667 902 749 quies,
925 666 1003 750 quid
1024 667 1171 753 denique

149 757 229 819 illud
252 756 337 820 iners
361 755 500 839 quidem,
523 755 698 819 iucundum
720 758 829 818 tamen
850 755 933 819 nihil
955 777 1060 841 agere,
1080 756 1170 822 nihil
1196 786 1208 826 a

149 866 231 929 esse,
258 845 337 909 adeo
364 844 468 908 multa
495 866 547 908 me
573 844 704 929 negotia
731 844 907 908 amicorum
934 865 994 908 neo
1016 846 1169 911 secedere

113 952 208 1000 anec
231 934 358 998 studere
380 932 556 1017 patiuntur.
601 931 701 998 Nulla
726 933 811 996 enim
835 933 940 997 studia
967 934 1052 998 tanti
1079 938 1171 1020 sunt,

148 1027 186 1087 ut
217 1023 377 1087 amicitiae
410 1021 553 1087 officium
586 1020 763 1104 deseratur,
799 1022 885 1105 quod
920 1023 1170 1109 religiosissime

149 1112 394 1177 custodiendum
418 1111 524 1175 studia
547 1111 617 1194 ipsa
639 1111 848 1194 praecipiunt.
885 1109 975 1176 Vale.

638 1275 674 1334 X.
1183 1300 1208 1340 ιο

298 1375 326 1423 C.
349 1375 488 1424 PLINIUS
513 1376 650 1423 FABATO
674 1375 879 1424 PROSOCERO
904 1375 969 1426 SUO
994 1376 1023 1431 Se

116 1484 129 1531 1
217 1463 287 1541 Quo
310 1468 414 1552 magis
439 1467 530 1550 cupis
559 1488 598 1529 ex
625 1465 719 1530 nobis
741 1470 934 1550 pronepotes
962 1468 1080 1551 videre,
1102 1467 1170 1534 hoc

150 1555 275 1619 tristior
297 1556 406 1620 audies
429 1559 558 1639 neptem
585 1557 673 1618 tuam
698 1554 847 1619 abortum
874 1556 997 1639 fecisse,
1025 1556 1103 1621 dum
1134 1579 1169 1623 se

149 1648 378 1730 praegnantem
402 1666 471 1709 esse
493 1644 678 1728 puellariter
705 1645 808 1709 nescit
835 1666 872 1709 ac
898 1668 957 1729 per
983 1644 1169 1729 hecquae

150 1733 223 1797 dam
233 1734 445 1799 custodienda
459 1732 710 1819 praegnantibus
729 1733 862 1818 omittit,
879 1734 959 1799 facit
976 1735 1168 1800 omittenda.
1182 1761 1207 1803 ιε

150 1820 252 1899 Quem
267 1844 406 1887 errorem
425 1822 551 1908 magnis
571 1822 770 1887 documentis
789 1824 931 1906 expiavit
948 1824 983 1887 in
1001 1844 1168 1888 summum

115 1929 130 1976 2
149 1912 327 1995 periculum
352 1912 496 1976 adducta.
532 1908 646 1996 Igitur,
668 1914 706 1974 ut
728 1931 856 1976 necesse
880 1917 929 1977 est
952 1913 1093 1998 graviter
1116 1935 1168 1978 ac·

149 2001 250 2151 pipios
268 2003 471 2153 ¹serpiecbtutem
495 2003 587 2152 tuaplii
609 2001 708 2151 quasi
727 2001 861 2154 paratisd
870 2001 1008 2154 ppastprbis
1025 2001 1168 2104 'destitu-

150 2109 1005 2263 siirntiamproireepiotaegseriiegairegrlinlils'uiiuoserlvareirt1
1023 2112 1167 2264 m,
1180 2206 1207 2247 so

150 2267 224 2331 illos
254 2266 420 2350 reddituri,
457 2288 593 2349 quorum
629 2267 724 2331 nobis
761 2288 849 2351 spem
883 2269 1052 2333 certiorem
1085 2268 1168 2334 haec

150 2356 220 2439 ipsa
248 2377 442 2439 quamquam
470 2378 584 2439 parum
611 2377 763 2440 prospere
791 2357 957 2440 explorata
983 2356 1166 2423 fecunditas

115 2445 236 2509 afaoit.
282 2442 387 2510 Isdem
415 2465 502 2509 nunc
529 2466 589 2530 ego
620 2449 652 2509 te
680 2444 797 2528 quibus
824 2446 931 2529 ipsum
960 2468 1012 2511 me
1041 2445 1166 2531 hortor,

149 2555 275 2618 moneo,
294 2533 456 2598 confirmo.
493 2532 607 2617 Neque
630 2534 716 2598 enim
734 2534 897 2599 ardentius
916 2539 953 2599 tu
970 2539 1165 2619 pronepotes

151 2645 248 2706 quam
272 2644 331 2709 ego
354 2622 473 2686 liberos
497 2623 606 2706 cupio,
630 2622 746 2706 quibus
771 2623 883 2687 videor
905 2647 924 2687 a
945 2646 1017 2688 meo
1042 2627 1165 2708 tuoque
1179 2650 1205 2691 aa
1243 2636 1245 2641 '

149 2713 249 2776 latere
271 2734 409 2796 pronum
433 2711 473 2775 ad
496 2710 634 2775 honores
653 2712 715 2775 iter
738 2715 770 2776 et
788 2711 897 2776 audita
914 2713 1012 2777 latius
1029 2714 1164 2778 nomina

151 2804 184 2863 et
209 2822 276 2864 non
305 2800 428 2865 subitas
460 2801 616 2885 imagines
648 2800 831 2884 relicturus,
863 2805 1036 2866 nascantur
1065 2800 1164 2866 modo

151 2892 183 2953 et
204 2888 291 2954 hunc
314 2893 460 2954 nostrum
485 2889 627 2953 dolorem
652 2888 768 2974 gaudio
792 2894 926 2954 mutent.
964 2888 1052 2955 Vale.

632 3053 683 3112 XI.

373 3154 401 3201 o.
424 3153 562 3202 pumma
586 3153 781 3202 marorum
806 3153 893 3203 sula
917 3155 944 3204 a.
1177 3164 1205 3206 eo

116 3261 130 3308 1
217 3241 298 3307 Cum
335 3243 495 3309 adfectum
532 3248 624 3309 tuum
662 3265 737 3329 erga
772 3244 881 3309 fratris
917 3245 1018 3309 filiam
1054 3247 1162 3332 cogito

150 3333 247 3398 etiam
275 3336 419 3397 materna
446 3333 647 3421 indulgentia
669 3334 865 3417 molliorem,
892 3335 1045 3422 intellego
1073 3336 1163 3420 prius

151 3422 225 3506 tibi,
253 3422 340 3506 quod
368 3425 416 3486 est
442 3414 617 3507 posterius,
638 3421 866 3507 nuntiandum,
893 3426 931 3487 ut
957 3428 1164 3509 praesumpta

197 3600 302 3653 murt
319 3617 373 3658 om.
394 3603 444 3672 M,
463 3604 539 3661 KJ.
620 3608 656 3658 25
678 3618 698 3656 a
715 3617 771 3657 om.
793 3598 840 3665 M,
858 3597 932 3660 K.1,
946 3592 1139 3647 adsumes
1156 3610 1185 3645 o..
