2506 3862
127 188 192 254 358
562 187 589 242 (l.
608 188 706 245 PLINI

126 354 207 417 iram
230 357 285 418 aut
308 354 544 441 neglegentiam
568 353 733 438 deprecor;
756 374 876 436 quaeso
902 348 1002 421 imm'o
1025 358 1059 420 et
1082 355 1143 423 ob

125 446 235 526 testor,
267 465 307 507 ne
338 465 491 527 umquem
523 464 582 527 pro
615 464 666 506 me
698 445 774 507 vota
799 463 850 506 res
877 443 1005 525 publica
1035 443 1142 511 inrita

73 529 279 616 d8suscipiat
306 537 371 617 aut,
398 533 426 596 si
451 532 626 615 susceperit
652 531 762 613 invita,
784 553 826 595 ne
849 530 1000 598 debeat'?
1041 530 1142 617 (lapis

126 642 211 707 ergo,
240 618 363 705 Caesar,
391 620 504 686 salutis
531 625 606 684 tuac
632 620 901 705 gloriosissimum
927 621 1069 687 siacum
1099 644 1142 687 ex

126 731 282 774 consensu
305 711 446 775 deorum.
490 708 585 793 Nam,
613 730 685 773 oum
708 709 856 793 excipias,
880 713 916 775 ut
938 711 985 775 its
1006 711 1140 779 demum
1169 738 1181 778 ⁵

125 803 157 863 te
186 799 237 862 dei
262 803 397 883 servent,
421 800 448 863 si
474 800 555 863 bene
583 821 651 863 rem
678 797 842 883 publicam
870 803 902 863 et
928 820 968 863 ex
994 800 1141 867 utilitate

127 889 271 953 omnium
288 889 417 971 rexeris,
436 891 541 953 certus
560 909 593 953 es
616 887 697 952 bene
710 891 742 953 te
755 909 823 952 rem
840 888 1003 971 publicam
1016 911 1139 974 regere,

90 993 199 1041 rcum
227 982 361 1043 servent.
402 975 515 1060 ltaque
543 998 671 1042 securus
698 976 760 1041 tibi
787 980 819 1040 et
843 977 946 1042 laetus
969 978 1037 1042 dies
1060 978 1140 1063 exit,

126 1068 182 1149 qui
204 1067 365 1150 principes
393 1067 473 1131 slios
502 1087 577 1131 cura
601 1069 633 1130 et
655 1069 744 1133 metu
767 1065 947 1148 distinebant,
971 1088 1045 1131 cum
1068 1089 1139 1133 sus-

124 1157 216 1238 pensi
248 1159 280 1219 et
310 1155 442 1220 attoniti
473 1177 649 1239 parumque
686 1155 800 1220 confisi
835 1156 989 1238 patientis
1025 1159 1139 1223 nostra
1154 1186 1180 1226 ιι

125 1245 201 1308 hinc
217 1248 314 1327 atque
334 1245 407 1308 inde
425 1244 573 1328 publicae
592 1244 754 1310 servitutis
772 1245 903 1311 nuntios
922 1248 1137 1328 expectarent.

90 1350 106 1397 a
124 1332 181 1414 Ac,
205 1334 233 1397 si
254 1334 338 1398 forta
361 1334 488 1417 aliquos
505 1334 647 1416 fiumina,
665 1333 764 1417 nives,
781 1335 870 1398 venti
888 1333 1139 1419 praepedissent,

125 1422 234 1486 statim
257 1420 320 1486 hoc
342 1422 423 1486 illud
446 1444 513 1487 esse
538 1422 708 1487 credebant
694 1423 827 1506 t,quod
850 1422 1053 1508 verebantur3
1075 1445 1138 1491 neo

125 1514 193 1575 erat
220 1511 391 1576 discrimen
418 1512 465 1576 ull
452 1514 520 1576 lum
547 1511 684 1595 pavoris,
709 1515 806 1595 propt
807 1534 879 1576 erec
902 1512 996 1595 quod,
1020 1533 1138 1590 cuma

124 1600 210 1664 malo
237 1602 383 1684 principe
409 1604 574 1685 tamquam
602 1621 766 1665 successor
792 1602 957 1684 timeatur,
989 1602 1139 1685 quisquis
1152 1628 1179 1669 1⁵

125 1693 173 1753 est
196 1688 332 1775 dignior
354 1712 428 1754 cum
452 1691 494 1754 sit
516 1711 611 1754 nemo
633 1711 701 1754 non
723 1689 859 1776 dignior,
888 1711 998 1755 omnes
1021 1691 1136 1757 umen-

88 1782 185 1843 stur.
222 1777 324 1843 Tuam
347 1779 551 1844 securitatem
573 1800 640 1844 non
662 1800 753 1843 mora
774 1780 971 1863 nuntiorum,
994 1801 1061 1845 non
1083 1780 1137 1845 lit

123 1871 264 1931 terarum
286 1868 420 1932 tarditas
443 1869 557 1932 differt.
600 1866 710 1933 Scist
696 1868 757 1933 tibi
784 1867 939 1952 ubique
930 1869 1136 1952 ramicum

124 1957 193 2040 ipse
216 1957 370 2023 iuraveris
394 1957 551 2022 omnibus.
588 1954 692 2022 Nemo
718 1956 780 2021 hoc
802 1978 869 2024 non
896 1957 957 2024 sibi
984 1962 1135 2040 praestat.

88 2061 106 2110 a
124 2044 279 2110 Amemus
302 2045 432 2129 quidem
455 2050 496 2125 te,
519 2047 554 2110 in
577 2049 732 2130 quantum
755 2047 900 2130 mereris3
921 2046 1008 2112 istud
1026 2051 1136 2115 umen
1151 2073 1178 2115 ss

123 2155 190 2198 non
212 2136 261 2198 tui
282 2135 418 2199 facimus
441 2157 559 2219 amore,
581 2135 639 2200 sed
659 2136 771 2219 nostri,
794 2157 855 2201 nec
881 2157 1035 2219 umquam
1062 2135 1135 2201 illu-

123 2227 229 2287 cescat
261 2224 336 2307 dies,
369 2245 433 2308 quo
465 2246 523 2309 pro
556 2228 588 2288 tc
620 2227 784 2308 nuncupet
815 2229 892 2291 vota
918 2246 984 2290 non
1011 2225 1136 2293 utilitas

89 2316 242 2395 cnostmn
265 2314 321 2378 sed
343 2313 431 2397 fides,
454 2311 578 2378 Caesar.
619 2313 736 2398 Turpis
763 2315 864 2379 tutela
891 2314 1055 2398 principis,
1082 2315 1136 2380 cui

124 2405 231 2484 potest
257 2403 418 2485 imputari.
461 2401 558 2478 Queri
584 2402 677 2485 libet,
705 2403 792 2486 quod
819 2404 854 2467 in
881 2407 1003 2469 secreta
1024 2407 1136 2469 nostra

89 2507 189 2554 ‘bnon
219 2491 382 2575 inquirant
409 2493 579 2575 principes,
606 2493 669 2557 nisi
696 2514 777 2575 quos
805 2493 939 2557 odimus.
985 2489 1079 2575 Nam,
1108 2494 1136 2559 si
1150 2519 1178 2561 ss

124 2580 233 2643 eadem
257 2601 333 2644 cura
355 2581 449 2646 bonis
472 2602 509 2646 ac
531 2581 624 2647 melis
648 2585 739 2664 esset,
767 2603 864 2665 quam
887 2581 1007 2665 ubique
1035 2581 1136 2647 adrni-

122 2670 280 2734 rationem
298 2671 356 2754 tui,
375 2671 461 2754 quod
480 2670 632 2755 gaudium
650 2671 943 2754 exultationemque
962 2669 1135 2754 deprehen·

123 2757 222 2840 dores,
246 2780 326 2840 quos
350 2761 494 2824 omnium
518 2782 590 2824 oum
618 2759 810 2845 coniugibus
838 2782 875 2826 uc
901 2759 1025 2842 liberis,
1054 2782 1135 2845 quos

124 2847 219 2909 etiam
244 2867 317 2910 cum
341 2849 525 2913 domesticis
550 2850 613 2913 aris
640 2849 785 2932 focisque
812 2851 988 2914 sermonesl
1029 2846 1135 2917 Scires

123 2934 322 3000 mollissimis
349 2937 420 3001 istis
447 2937 577 3002 auribus
604 2938 701 3021 parci.
745 2936 790 3003 Et
812 2937 946 3021 alioqui,
973 2933 1056 3004 cum
1069 2939 1135 3004 sint
1148 2964 1176 3006 so

124 3023 233 3087 odium
257 3047 409 3108 emorque
433 3028 600 3110 contraria,
623 3026 685 3092 hoc
708 3048 863 3109 perquam
882 3027 987 3092 simile
1004 3025 1135 3110 habent,

124 3113 211 3197 quod
234 3113 280 3177 ibi
302 3115 568 3198 intemperantius
591 3137 734 3180 amamus
758 3116 860 3180 bonos
883 3117 1053 3200 principes,
1077 3117 1135 3182 ubi

122 3202 255 3267 liberius
277 3204 380 3268 malos
404 3205 537 3268 odimus.

195 3361 503 3427 sdiiKLdiKJI.
573 3362 821 3429 ‘lbsneteKIL
840 3363 1132 3419 Baeloresaisoodd.

112 3433 272 3513 praetera
291 3434 319 3487 te
333 3432 449 3500 banco,
464 3434 502 3488 K.
508 3434 533 3487 Ι.
598 3439 630 3488 13
650 3404 1034 3506 vereb.13aebr.‚meraa19.
1099 3440 1133 3489 19

89 3499 272 3650 ,ἕὲφὲοἧ
281 3507 544 3654 &admonui
561 3506 613 3640 (lv
594 3581 629 3650 V
637 3506 726 3637 1{llll
729 3507 835 3645 ,bladi
841 3474 911 3629 iia
923 3511 985 3627 cdii
997 3521 1056 3625 citet
1058 3505 1149 3635 skuli
