2506 3862
150 224 193 289 86
584 218 612 274 0.
631 218 730 273 PLINI

115 405 130 452 5
149 392 258 452 tamen
279 389 392 450 neuter
409 389 581 468 utrumque
600 387 655 448 aut
674 383 813 447 absolvit
831 384 887 444 aut
906 380 1023 465 attigit.
1049 377 1163 442 Homi-

149 498 264 541 nemne
277 474 460 539 Romanum
475 478 541 538 tam
557 471 676 537 Graece
689 471 802 554 loqui?
833 468 910 534 Non
923 468 1046 532 medius
1065 467 1162 531 fidius

150 567 235 649 ipsas
257 563 401 629 Athenas
430 566 496 626 tam
519 560 644 626 Atticas
673 561 816 635 dixerim.
853 557 937 634 Quid
964 558 1088 621 multa?
1116 558 1164 619 in-

150 655 242 718 video
271 653 409 736 (traecis,
437 652 523 735 quod
550 652 679 715 illorum
705 651 817 734 lingua
845 647 982 712 scribere
1009 646 1163 710 maluisti.

149 743 263 827 Neque
287 744 372 807 enim
397 741 578 804 coniectura
602 743 683 825 eget,
707 739 784 822 quid
807 758 952 802 sermone
980 737 1084 819 patrio
1110 757 1163 798 ex·
1192 763 1203 801 s

149 834 286 917 primore
308 832 422 915 possis,
445 851 518 894 cum
541 830 604 893 hoc
627 829 766 892 insiticio
786 830 818 890 et
837 827 968 889 inducto
988 829 1054 891 tam
1073 846 1164 907 prae-

150 924 235 986 clara
259 943 355 1005 opera
377 919 555 1002 perfeceris.
592 917 681 982 Vale.

324 1183 352 1230 O.
376 1184 515 1231 PLINIUS
540 1183 638 1231 SOSIO
663 1181 848 1231 SENECIONI
872 1179 937 1228 SUO
962 1179 988 1227 S.

117 1292 130 1339 1
217 1272 414 1337 Varisidium
441 1273 602 1357 Nepotem
629 1273 824 1337 validissime
852 1271 962 1355 diligo,
987 1269 1092 1332 virum
1117 1269 1206 1333 in-10

151 1363 318 1445 dustrium,
340 1366 473 1446 rectum,
497 1363 661 1444 disertum,
684 1362 771 1444 quod
796 1360 880 1444 apud
902 1381 954 1422 me
977 1359 1028 1422 vel
1050 1360 1165 1441 poten-

150 1451 310 1514 tissimum
330 1455 386 1515 est.
409 1450 497 1515 Idem
517 1449 549 1515 O.
565 1450 748 1534 Calvisium,
767 1449 1027 1513 contubernalem
1046 1468 1166 1529 meum,

151 1540 289 1603 amicum
308 1543 409 1624 tuum,
423 1544 492 1604 arta
510 1541 750 1623 propinquitate
769 1538 994 1622 conplectitur3
1013 1539 1062 1600 est
1078 1535 1165 1598 enim

116 1629 236 1695 ofilius
265 1631 391 1694 sororis.
437 1629 533 1693 Hunc
560 1650 639 1714 rogo
669 1628 814 1692 semestri
836 1628 1003 1690 tribunatu
1027 1624 1166 1707 splendi-

151 1719 272 1782 diorem
300 1722 332 1782 et
360 1719 422 1782 sibi
448 1722 480 1782 et
502 1718 661 1782 auunculo
686 1738 743 1781 suo
766 1717 873 1780 facias.
907 1713 1075 1799 Obligabis
1103 1735 1206 1795 mc,1s

152 1807 309 1892 obligabis
333 1806 507 1872 Calvisium
530 1811 686 1890 nostrum,
705 1805 864 1890 obligabis
888 1805 1003 1888 ipsum,
1021 1824 1088 1865 non
1106 1802 1166 1864 mi-

117 1913 132 1961 3
151 1918 212 1960 nus
235 1897 386 1960 idoneum
409 1897 595 1980 debitorem,
615 1919 711 1979 quam
732 1916 791 1958 nos
809 1897 912 1977 putas.
949 1893 1052 1956 Multa
1071 1891 1166 1954 bene-

151 1984 224 2047 ficia
248 1985 282 2047 in
304 1986 424 2048 multos
448 1986 627 2068 contulisti,
650 1985 753 2048 ausim
775 1983 965 2047 contendere
988 1981 1113 2043 nullum
1133 1983 1165 2043 te

151 2072 275 2155 melius,
290 2077 393 2155 aeque
411 2073 491 2138 bene
510 2097 610 2137 unum
630 2077 685 2137 aut
704 2075 840 2137 alterum
860 2072 1050 2135 conlocasse.
1074 2067 1165 2132 Vale.

637 2239 675 2297 V.
1035 2259 1038 2266 ·
1179 2254 1205 2293 ac

354 2337 382 2385 C.
406 2338 544 2386 PLINIUS
568 2338 665 2386 IULIO
690 2338 818 2385 SPARSO
844 2338 908 2385 SUO
934 2337 959 2384 S.

118 2447 131 2493 1
214 2426 396 2492 Aeschinen
410 2429 500 2497 aiunt
513 2427 696 2511 petentibus
710 2428 846 2491 Rhodiis
855 2428 972 2512 legisse
987 2426 1165 2490 orationem

152 2540 252 2602 suam,
276 2518 388 2587 deinde
411 2516 646 2601 Demosthenis,
670 2517 803 2581 summis
826 2521 996 2598 utramque
1019 2515 1167 2578 clamori-

117 2606 221 2671 2bus.
267 2605 359 2683 Quod
386 2609 549 2670 tantorum
576 2607 719 2670 virorum
744 2606 916 2691 contigisse
945 2604 1072 2686 scriptis
1100 2623 1167 2664 non

152 2697 264 2779 miror,
292 2718 365 2760 cum
394 2695 570 2760 orationem
598 2717 702 2759 meam
730 2696 876 2778 proxime
904 2691 1082 2755 doctissimi
1109 2689 1166 2753 ho·
1181 2716 1207 2754 as

152 2785 254 2847 mines
282 2785 344 2847 hoc
372 2785 487 2867 studio,
514 2783 577 2847 hoc
599 2784 744 2867 adsensu,
771 2782 834 2847 hoe
857 2783 952 2846 etiarn
975 2779 1086 2843 labore
1109 2801 1167 2862 per

153 2871 286 2934 biduum
314 2873 485 2956 audierint,
518 2873 664 2955 quamvis
694 2873 904 2968 intentionem
936 2892 1046 2933 eorum
1076 2869 1168 2932 nulla

152 2961 229 3023 hine
247 2964 279 3023 et
290 2961 366 3032 ¹inde
381 2963 519 3045 collati0,
538 2962 663 3024 nullum
683 2963 774 3044 quasi
793 2964 953 3024 certamen
971 2958 1168 3022 accenderet.

120 3066 135 3113 3
154 3046 239 3112 Nam
258 3047 377 3112 Rhodii
396 3071 468 3114 cum
487 3051 565 3135 ipsis
587 3051 768 3114 orationum
786 3048 960 3112 virtutibus
979 3052 1049 3111 tum
1069 3048 1167 3110 etiarn

155 3139 402 3221 comparationis
426 3141 543 3204 aculeis
569 3139 801 3221 excitabantur,
827 3141 937 3201 nostra
966 3137 1068 3201 oratio
1098 3136 1167 3199 sine
1183 3160 1210 3200 ao

156 3228 378 3291 aemulationis
402 3229 504 3313 gratia
526 3228 732 3312 probabatur.
768 3225 821 3290 An
839 3227 964 3310 merito,
983 3227 1072 3309 scies,
1092 3245 1166 3288 cum

153 3317 269 3401 legeris
292 3316 420 3400 librum,
444 3318 533 3381 euius
558 3318 735 3400 amplitudo
757 3338 823 3380 non
846 3316 923 3379 sinit
945 3337 997 3379 me
1019 3314 1168 3399 longiore

155 3453 367 3462 ————-

227 3534 259 3580 21
279 3526 377 3581 IULIO
396 3527 461 3582 add.
481 3528 555 3582 Βίου.
577 3529 682 3593 (Havet
691 3530 807 3595 paor),
826 3543 876 3580 om.
896 3527 952 3579 rell.
1040 3529 1073 3576 24
1093 3525 1168 3578 cont.

156 3598 268 3665 scriptis
289 3599 393 3667 Fpra,
412 3599 511 3669 Stangl
525 3603 586 3663 662,
605 3615 656 3652 scr.
677 3599 749 3652 cont.
771 3599 809 3651 M
816 3598 910 3662 Vns,
925 3597 972 3650 K.-
