2506 3862
107 241 191 307 ,262
441 239 469 296 c.
488 239 587 294 Pnnu
605 240 651 294 au
670 238 822 294 ramniu

87 420 235 471 ererum
267 404 363 469 etiam
396 426 435 468 er
468 404 657 468 commilitio
695 426 763 468 asse
794 403 1006 468 notissimam.
1052 400 1140 467 Illud

123 517 237 577 unum,
267 494 354 578 quod
380 497 513 577 propter
536 494 701 558 caritatem
729 494 797 557 eius
820 493 964 557 nondum
987 492 1068 556 mihi
1091 492 1139 556 vi-

124 584 201 648 deor
223 584 300 648 satis
323 584 417 667 plene
435 583 558 666 facisse,
582 583 679 647 etiam
697 585 794 665 atque
813 583 910 647 etiam
928 582 1012 646 facio
1031 586 1139 664 teque,

124 673 265 755 domine,
296 694 390 759 rogo,
423 671 560 758 gaudere
594 694 646 736 me
677 674 831 735 exornata
863 671 1041 755 quaestoris
1072 672 1139 734 mei

124 763 293 848 dignitate,
324 762 359 826 id
386 766 434 826 est
465 784 524 845 per
554 761 647 825 illum
675 783 758 844 mea,
791 783 888 845 quam
920 760 1138 825 maturissime
1168 785 1181 826 s

123 852 212 916 velis.

476 943 598 1003 XXVII.
622 938 785 1023 [XXXVI]

320 1045 348 1094 c.
372 1043 512 1092 Pumice
538 1045 691 1093 rampo
715 1043 941 1092 luruusroui.

189 1134 358 1218 Maximus,
376 1134 511 1199 libertus
528 1138 559 1199 et
577 1139 767 1219 procurator
784 1138 869 1217 tuus,
892 1134 1029 1214 domiue,
1047 1156 1139 1217 pree-

122 1224 304 1289 terdenam
328 1224 561 1307 beneficiarios,
594 1246 673 1308 quos
702 1224 863 1310 adsignari
891 1246 909 1287 a
939 1245 990 1287 me
1014 1220 1139 1287 Gemel-
1153 1249 1181 1288 io

122 1314 204 1396 lino,
228 1313 351 1396 optimo
374 1314 458 1395 viro,
487 1314 623 1396 iussisti,
656 1313 718 1377 sibi
741 1334 869 1397 quoque
893 1312 1062 1377 confirmat
1084 1334 1139 1376 ne-

125 1402 277 1467 cessarios
301 1424 369 1467 esse
392 1402 521 1467 milites.
565 1400 617 1465 Ex
639 1402 690 1466 his
714 1401 844 1466 interim
868 1451 957 1485 ...,
985 1402 1068 1466 sicut
1091 1401 1139 1465 in-

123 1513 286 1575 veneram,
318 1491 352 1555 in
379 1492 557 1556 ministerio
588 1491 656 1554 eius
688 1490 913 1575 relinquendos
947 1491 1139 1575 existimavi,

123 1581 311 1664 praesertim
339 1602 413 1645 cum
440 1580 480 1644 ad
506 1580 705 1644 frumentum
733 1580 982 1663 comparandum
1010 1580 1071 1644 iret
1104 1581 1139 1644 in

123 1667 386 1756 Paphlagoniam.
423 1668 509 1746 Quin
532 1670 629 1733 etiam
652 1670 771 1734 tutelae
796 1691 899 1752 causa,
923 1669 998 1752 quia
1021 1669 1066 1733 ita
1086 1669 1180 1734 de-15

123 1759 291 1843 siderabat,
315 1759 422 1823 addidi
444 1759 524 1823 duos
548 1759 680 1843 equites.
710 1757 907 1823 Infuturum
922 1757 1000 1842 quid
1019 1759 1139 1823 servari

29 1860 31 1865 '
99 1850 212 1933 ¹valis,
235 1869 314 1934 rogo
338 1848 502 1913 rescribas.

461 1994 598 2054 xxvm.
623 1989 801 2075 [xxxva]

470 2095 641 2143 TRAIANUS
665 2095 794 2142 PLINIO.

190 2183 286 2250 Nunc
323 2185 453 2269 quidem
489 2186 746 2268 proficiscentem
788 2185 828 2248 ad
865 2185 1139 2267 comparationem
1153 2210 1181 2250 ao

122 2273 358 2338 frumentorum
381 2273 572 2356 Maximum,
594 2275 748 2338 libertum
771 2296 893 2357 meum,
915 2277 1001 2338 recte
1029 2275 1139 2338 mihti-

124 2364 184 2428 bus
198 2363 387 2428 instruxisti.
420 2361 628 2448 Fungebatur
646 2363 732 2427 enim
751 2366 783 2426 et
801 2363 871 2446 ipse
886 2363 1138 2428 extraordinario

124 2475 263 2518 munere.
309 2449 390 2516 Cum
427 2452 467 2516 ad
502 2452 674 2535 pristinum
711 2454 819 2516 actum
855 2473 1001 2517 reversus
1032 2451 1140 2536 fuerit,

125 2541 285 2606 sufficient
308 2541 356 2604 illi
380 2541 443 2605 duo
467 2563 486 2604 a
509 2544 540 2604 te
564 2541 630 2605 dati
649 2540 768 2606 milites
787 2546 819 2606 et
838 2540 973 2605 totidem
992 2539 1139 2606 aVirdio

126 2628 314 2710 (iemelh‘no,
336 2634 543 2712 procuratore
566 2652 648 2714 meo,
672 2652 767 2713 quem
791 2631 929 2695 adiuvat.
1154 2654 1181 2695 aa

304 2830 315 2841 .
471 2777 576 2835 xxm.
599 2772 794 2857 [xxiiim]

325 2876 353 2924 Ο,
377 2877 515 2927 PLINIUS
540 2878 692 2925 TRAIANO
717 2876 942 2927 IMPERATORI.

92 2978 106 3026 1
194 2963 401 3050 Sempronius
430 2965 611 3051 Caelianus,
643 2970 790 3055 egregius
822 2969 962 3051 iuvenis,
994 2971 1139 3052 repertos

126 3054 211 3119 inter
241 3055 361 3121 tirones
390 3057 469 3122 duos
498 3079 605 3122 servos
633 3059 722 3122 misit
752 3058 792 3122 ad
819 3080 884 3141 me3
917 3079 1055 3142 quorum
1079 3076 1138 3142 ego

127 3145 320 3228 supplicium
344 3145 468 3231 distuli,
494 3150 531 3211 ut
557 3150 590 3211 te
619 3147 817 3212 conditorem
847 3147 1034 3230 disciplinae
1057 3146 1141 3211 miii-
1154 3171 1182 3212 oo

90 3233 203 3298 2taris
221 3235 481 3318 firmatoremque
505 3237 704 3300 consulerem
728 3236 765 3300 de
789 3236 885 3301 modo
904 3257 1034 3319 poenae.
1066 3234 1140 3319 Ipse

127 3323 212 3388 enim
235 3324 347 3388 dubito
371 3324 413 3387 ob
436 3324 499 3389 hoc
521 3324 675 3410 maxime,
708 3325 807 3409 quod,
838 3328 876 3389 ut
902 3325 967 3389 iam
995 3325 1141 3390 dixerant

124 3417 324 3477 sacramento
348 3412 489 3498 militari,
510 3418 555 3478 Ito
576 3413 719 3479 nondum
744 3414 908 3479 distributi
932 3414 967 3479 in
989 3435 1140 3480 numeros

172 3557 214 3604 12
238 3553 353 3610 miIites
461 3573 495 3613 ex
519 3557 566 3614 his
587 3556 678 3614 K.II.
770 3559 807 3608 tt
831 3553 879 3608 ita
894 3552 988 3615 Im,
1009 3553 1152 3614 cmm,

80 3617 146 3670 etsi
161 3623 271 3680 adacti
291 3632 382 3688 erant
399 3647 476 3690 sacr.
497 3632 563 3691 mil.
586 3633 726 3690 Momm.
