2506 3862
425 226 682 282 EPISTULARUM
701 231 814 282 sr-sc.
1060 227 1126 292 273

508 396 569 455 nv
594 390 731 475 [11111]
780 397 784 402 ’

459 495 631 545 TRAIANUS
656 497 784 544 PLINIO.

180 586 224 651 Et
246 587 316 670 ipse
338 608 405 651 non
427 587 514 651 aliud
536 585 710 651 remedium
739 587 886 670 dispicio,
913 588 960 651 mi
983 585 1125 652 Secunde

114 677 291 760 carissime,
315 698 410 759 quam
432 680 469 740 ut
493 676 654 759 quantitas
677 698 845 740 usurarum
867 675 1038 759 minuatur,
1062 697 1125 759 quo

88 766 239 830 otacilius
262 765 414 848 pecuniae
437 765 584 848 publicae
607 766 808 829 collocentur.
845 764 977 829 Modum
995 765 1064 829 eius
1088 785 1126 828 ex

115 855 207 938 copia
231 875 354 937 eorum,
378 853 433 937 qui
456 854 700 938 mutuabuntur,
722 858 759 918 tu
782 855 965 918 constitues.
1002 853 1126 918 Invitos

116 944 155 1007 ad
174 943 393 1027 accipiendum
412 944 609 1026 compellere,
629 944 715 1026 quod
733 943 878 1008 fortassis
894 941 972 1026 ipsis
987 942 1128 1007 otiosum

115 1033 259 1096 futurum
282 1033 337 1115 sit,
363 1052 428 1096 non
452 1037 501 1096 est
524 1053 563 1096 ex
585 1033 709 1096 iustitia
731 1036 913 1096 nostrorum
936 1037 1126 1117 temporum.

505 1197 581 1256 avr.
606 1191 739 1276 [num]

76 1309 102 1348 10
315 1297 343 1345 C.
366 1298 505 1346 PLINIUS
530 1298 683 1346 TRAIANO
707 1298 931 1346 IMPERATORI.

183 1387 341 1472 Summae,
365 1388 501 1471 domine,
525 1389 644 1473 gratias
668 1409 739 1474 ago,
763 1387 848 1471 quod
871 1388 954 1452 inter
972 1388 1127 1452 maximas
1147 1404 1160 1453 1

116 1478 339 1560 occupationes
357 1478 393 1540 11
415 1477 464 1558 iis,
488 1478 526 1541 de
550 1478 666 1560 quibus
689 1481 722 1541 te
744 1477 901 1559 consului,
926 1499 976 1540 me
1000 1497 1127 1561 quoque

115 1589 224 1652 regere
256 1566 407 1652 dignatus
439 1586 486 1649 es3
518 1567 604 1649 quod
636 1586 720 1630 nunc
752 1586 878 1649 quoque
909 1565 1007 1629 facias
1039 1587 1127 1651 rogo.

116 1654 206 1719 Adiit
229 1656 315 1719 enim
338 1676 390 1718 me
413 1654 541 1737 quidam
565 1655 780 1738 indicavitque
799 1654 995 1718 adversarios
1016 1675 1091 1718 suos
1110 1672 1162 1719 aa

77 1773 101 1810 15
117 1742 253 1808 Servilio
277 1742 389 1828 Calvo,
413 1743 589 1807 clarissimo
612 1745 696 1826 viro,
718 1746 753 1807 in
774 1743 948 1808 triennium
970 1744 1128 1828 relegatos

117 1833 151 1896 in
173 1833 338 1915 provincia
360 1833 486 1896 morari.
531 1830 584 1896 llli
607 1837 718 1897 contra
746 1833 786 1897 ab
810 1832 921 1897 eodem
944 1854 978 1897 se
1001 1832 1128 1896 restitu-

116 1926 167 1985 tos
182 1922 429 1986 adfirmaverunt
443 1921 644 2004 edictumque
657 1923 876 1986 recitaverunt.
901 1919 971 1997 Qua
984 1942 1021 1985 ca
1034 1942 1129 1984 causa

115 2011 330 2074 necessarium
353 2010 472 2074 credidi
494 2030 561 2074 rem
584 2010 743 2096 integram
766 2011 806 2074 ad
827 2015 860 2074 te
878 2009 1002 2074 referre.
1035 2009 1129 2093 Nam,
1147 2026 1163 2073 3

117 2099 200 2163 sicut
223 2100 381 2163 mandatis
404 2100 469 2163 tuis
493 2102 622 2162 cautum
644 2103 706 2181 est,
737 2121 777 2163 ne
800 2100 972 2163 restituam
1001 2099 1041 2164 ab
1065 2099 1128 2163 alio

77 2216 104 2255 ao
118 2193 174 2252 aut
197 2211 215 2251 a
238 2210 288 2252 me
310 2189 477 2274 relegatos,
500 2189 545 2252 ita
563 2188 602 2251 de
620 2188 669 2269 iis,
692 2208 773 2270 quos
792 2189 873 2251 alius
893 2192 924 2252 et
942 2188 1129 2274 relegaverit

118 2283 149 2342 et
167 2279 351 2360 restituerit,
369 2279 451 2341 nihil
469 2276 733 2360 comprehensum
752 2280 808 2341 est.
832 2275 907 2340 Ideo
926 2281 975 2361 tu,
995 2277 1130 2360 domine,

117 2367 330 2431 consulendus
353 2366 458 2450 fuisti,
481 2367 558 2450 quid
581 2366 749 2430 observare
772 2386 823 2428 me
845 2366 943 2429 velles
971 2368 1039 2429 tam
1060 2365 1130 2429 her·

118 2456 187 2519 oule
212 2456 250 2519 de
273 2455 324 2519 his
348 2477 444 2538 quam
471 2455 509 2518 de
537 2457 611 2539 illis,
639 2456 695 2538 qui
722 2456 756 2518 in
783 2458 973 2538 perpetuum
997 2455 1130 2540 relegati

117 2565 175 2607 nec
201 2545 342 2609 restituti
368 2545 403 2608 in
425 2545 588 2627 provincia
613 2543 899 2627 deprehenduntur.
945 2542 1029 2606 Nam
1051 2542 1165 2607 haece

78 2653 245 2716 aequoque
270 2635 389 2716 species
413 2633 524 2697 incidit
542 2634 577 2697 in
595 2634 810 2719 cognitionem
827 2654 939 2696 meam.
967 2630 1028 2696 Idst
1047 2633 1131 2695 enim

119 2721 273 2785 adductus
298 2724 338 2786 ad
360 2744 411 2786 me
434 2723 468 2785 in
490 2725 679 2805 perpetuum
702 2723 861 2807 relegatus
886 2743 904 2784 1
926 2719 1008 2785 Iulio
1027 2719 1129 2785 Basso

118 2812 317 2893 proconsule.
349 2811 431 2897 Ego,
454 2812 529 2895 quia
552 2811 690 2875 sciebam
712 2815 783 2876 acta
805 2808 898 2874 Bassi
920 2811 1055 2874 rescissa
1078 2811 1130 2874 da·

118 2903 251 2982 tumque
275 2922 293 2963 1
316 2903 429 2964 senatu
450 2901 501 2963 ius
526 2900 688 2983 omnibus,
716 2901 754 2964 de
782 2900 898 2983 quibus
926 2900 981 2963 ille
1010 2900 1132 2983 aliquid

119 2988 348 3072 constituisset,
371 3010 410 3052 ex
428 2989 554 3075 integro
569 2989 684 3074 agendi
698 2990 863 3053 dumtaxat
881 3009 940 3071 per
958 2988 1131 3072 biennium,

78 3104 105 3144 ao
119 3079 315 3164 interrogavi
346 3078 445 3161 hunc,
483 3099 577 3160 quem
608 3077 816 3163 relegaverat,
854 3098 895 3140 an
927 3077 1045 3141 adisset
1078 3078 1131 3141 do-

85 3185 86 3190 *
119 3169 299 3251 cuissetque
321 3168 552 3251 proconsulem.
599 3166 740 3247 Nepaac‘t.
785 3164 846 3230 Per
869 3166 956 3248 quod
983 3166 1166 3230 effectuma

120 3258 178 3338 est,
199 3261 237 3321 ut
258 3261 290 3321 te
313 3258 519 3340 consulerem,
541 3255 736 3319 reddendum
759 3276 832 3319 eum
854 3275 975 3337 poenae
997 3275 1072 3318 suae
1091 3276 1132 3318 an

120 3346 248 3428 gravius
272 3346 392 3429 aliquid
415 3350 447 3409 et
471 3345 548 3429 quid
570 3345 775 3428 potissimum
798 3343 1057 3408 constituendum
1074 3365 1132 3423 pu-

187 3537 269 3590 111
287 3539 357 3592 11.
376 3539 443 3595 aaa.
467 3539 577 3615 1119,
597 3541 731 3627 naara,
751 3538 794 3594 K.
832 3607 839 3619 ι
868 3537 905 3616 aa
930 3547 967 3582 aa
986 3512 1219 3632 eassffita.

107 3620 193 3658 cansa
206 3609 293 3677 vulpe
301 3627 335 3678 p.
346 3614 451 3669 1111.
510 3620 550 3671 23
567 3615 605 3672 de
613 3616 666 3672 lus
677 3629 777 3686 qnam
786 3611 825 3664 de
832 3604 903 3661 ill-us
912 3619 948 3665 οι,
958 3605 1060 3662 ΨΜ

147 3703 222 3744 Pam
234 3705 392 3753 1111111111.
1013 3675 1062 3727 ᾖ
1179 3752 1184 3759 x
