2506 3862
370 216 629 271 EPISTULARUM
647 216 699 271 VH
716 221 830 270 29-32.
1043 216 1106 281 193

94 381 160 445 fere
184 380 354 463 quisquam
378 380 479 466 exigit
501 380 597 463 istud,
620 380 684 445 nisi
706 381 763 462 qui
785 379 872 445 facit.
903 378 964 443 Vir
986 381 1108 463 alioqui

94 473 209 552 rectus,
232 469 366 554 integer,
389 469 517 551 quietus
539 489 577 532 ac
594 491 695 553 paene
713 470 799 533 ultra
820 469 962 552 modum,
986 470 1013 534 si
1036 470 1109 552 quis

94 563 209 623 tamen·
234 559 320 622 ultra
349 558 495 643 modum,
521 558 727 623 verecundus.
772 556 878 640 Hunc,
909 579 983 623 cum
1014 558 1145 623 simula

95 648 316 730 militaremus,
333 668 401 711 non
419 648 524 712 solum
542 650 580 710 11
598 647 776 712 commilito
795 647 929 732 inspexi.
960 646 1110 712 Praeerat

67 738 165 806 salae
192 736 340 817 militari3
372 757 432 821 ego
465 736 571 801 iussus
601 759 620 800 a
646 738 755 822 legato
783 736 942 801 consulari
970 736 1113 801 rationes

96 828 219 890 alarum
243 829 275 889 et
299 825 480 889 cohortium
505 828 653 890 excutere
676 828 713 888 ut
735 846 885 911 magnam
910 825 1110 908 quorundam

96 915 286 997 foedamque
314 915 499 997 avaritiam,
528 915 765 1000 neglegentiam
794 936 904 998 parem
943 915 988 978 ita
1015 913 1111 978 huius

97 1025 255 1067 summam
287 1004 525 1089 integritatem,
556 1004 728 1068 sollicitam
761 1003 961 1088 diligentiam
993 1003 1111 1067 inveni.

96 1091 214 1157 Postea
239 1096 408 1177 promotus
436 1093 477 1157 ad
504 1093 718 1176 amplissimas
749 1093 990 1176 procurationes
1021 1093 1147 1156 nullas

56 1210 82 1250 10
97 1181 262 1247 occasione
285 1185 454 1266 corruptus
486 1181 526 1246 ab
550 1181 647 1246 insito
678 1182 890 1247 abstinentiae
921 1202 1029 1246 amore
1059 1181 1112 1246 de·

95 1271 198 1354 flexit5
229 1292 406 1354 numquam
434 1271 580 1336 secundis
610 1270 705 1335 rebus
732 1269 901 1353 intumuit,
932 1292 1110 1353 numquam

97 1360 277 1424 officiorum
313 1360 468 1424 varietate
509 1360 694 1424 continuam
730 1359 858 1423 laudem
899 1359 1111 1424 humanitatis

96 1449 228 1536 infregit
258 1449 431 1532 eademque
462 1449 616 1513 firmitate
648 1448 748 1512 animi
778 1447 944 1513 laboribus
975 1447 1112 1531 suffecit,

97 1561 160 1622 qua
177 1558 264 1602 nunc
287 1539 389 1602 otium
412 1538 542 1622 patitur.
584 1535 677 1613 Quod
700 1537 829 1621 quidem
852 1537 1016 1621 paulisper
1038 1553 1148 1601 111114

58 1654 84 1695 11
98 1648 215 1713 magna
238 1649 295 1692 sua
317 1627 411 1691 laude
430 1626 602 1692 intermisit
621 1630 653 1690 et
670 1627 780 1711 posuit
803 1649 822 1690 a
840 1622 977 1690 Corellio
1001 1629 1111 1690 nostro

99 1739 138 1780 ex
160 1716 354 1781 liberalitate
377 1716 579 1800 imperatoris
602 1713 729 1779 Nervae
757 1713 899 1779 emendis
923 1713 1114 1778 dividendis-

102 1827 163 1888 que
178 1805 263 1890 agris
278 1805 406 1869 adiutor
419 1806 617 1889 adsumptus.
640 1803 770 1868 Etenim
786 1825 849 1886 qua
864 1803 966 1889 gloria
980 1803 1113 1888 dignum

100 1896 149 1957 est
177 1914 302 1958 summo
329 1895 399 1958 viro
428 1895 462 1958 in
484 1897 575 1958 tanta
593 1893 732 1979 eligendi
763 1892 916 1956 facultate
945 1892 1114 1976 praecipue

99 1982 269 2065 placuissel
291 1980 381 2047 Idem
401 2005 497 2067 quam
515 1986 705 2066 reverenter,
724 2004 820 2065 quam
838 1981 976 2045 fideliter
994 1981 1114 2045 amicos
1133 1995 1149 2044 e

60 2098 86 2141 ao
101 2070 200 2154 colat,
222 2072 398 2136 multorum
422 2073 579 2156 supremis
603 2071 744 2154 iudiciis,
770 2071 806 2134 in
828 2070 878 2134 his
902 2067 990 2133 Anni
1012 2069 1114 2153 Bassi,

100 2160 282 2246 gravissimi
305 2158 399 2245 civis,
429 2161 555 2226 credere
582 2163 689 2245 potes,
717 2159 807 2224 cuius
835 2159 1023 2223 memoriam
1046 2163 1113 2223 tam

101 2253 192 2334 grata
213 2248 450 2334 praedicatione
472 2253 626 2336 prorogat
645 2253 677 2313 11
701 2246 854 2332 extendit,
877 2251 914 2311 ut
936 2248 1055 2312 librum
1075 2247 1114 2311 de

100 2339 167 2402 vita
190 2340 258 2403 eius
282 2335 371 2424 (nam
395 2338 500 2404 studia
528 2360 656 2422 quoque
684 2337 767 2402 sicut
795 2337 873 2401 alias
901 2336 1001 2401 bonas
1030 2340 1114 2400 artes

100 2424 282 2513 veneratur)
313 2427 455 2492 ediderit.
504 2426 680 2491 Pulchrum
708 2427 795 2492 istud
827 2429 859 2490 et
886 2426 1017 2489 raritate
1044 2425 1150 2509 ipsas

62 2516 318 2604 reprobandum,
349 2537 423 2581 cum
450 2516 595 2600 plerique
621 2515 776 2580 hactenus
804 2515 1027 2578 defunctorum
1051 2536 1116 2577 me-

103 2604 264 2688 minerint,
277 2609 315 2669 ut
329 2600 511 2688 querantur.
529 2604 627 2669 Hunc
639 2604 803 2669 hominem
818 2603 1116 2687 adpetentissimum
1137 2619 1151 2667 7

104 2693 161 2776 tui,
184 2693 264 2757 mihi
288 2695 393 2778 crede,
416 2694 636 2778 complectere,
650 2693 869 2778 adprehende,
891 2693 991 2757 immo
1015 2696 1048 2756 et
1071 2692 1117 2755 in·

103 2783 170 2847 vita
184 2803 222 2846 ac
236 2783 282 2847 sic
296 2805 376 2866 ama,
399 2787 564 2867 tamquam
584 2783 720 2868 gratiam
739 2783 866 2848 referas.
902 2780 1016 2865 Neque
1031 2781 1116 2845 enim

104 2870 304 2958 obligandus,
328 2872 383 2937 sed
400 2872 650 2936 remunerandus
669 2876 718 2937 est
731 2871 766 2934 in
779 2870 897 2935 amoris
917 2870 1035 2954 officio,
1059 2870 1116 2954 qui

63 2987 89 3028 ao
103 2962 192 3045 prior
215 2961 328 3045 coepit.
375 2959 465 3026 Vale.

552 3107 674 3165 XXXII.

246 3218 276 3268 c.
298 3217 436 3265 PLINIUS
461 3216 599 3264 enarro
624 3215 828 3264 1111111110
853 3215 918 3263 111
943 3216 969 3263 1.

171 3315 322 3381 Delector
348 3316 524 3381 iucundum
553 3315 615 3380 tibi
640 3315 739 3381 fuisse
762 3312 888 3379 Tironis
916 3314 980 3378 mei
1003 3312 1153 3377 adven-1

106 3408 189 3488 tum3
222 3406 308 3489 quod
335 3427 410 3470 vero
438 3403 552 3471 scribis
580 3406 688 3470 oblata
720 3403 889 3469 occasione
917 3402 1132 3491 proconsulis
1201 3484 1208 3492 x

65 3519 91 3559 11
102 3494 261 3575 plurimos
273 3495 500 3582 manumissos,
517 3495 616 3564 unice
625 3496 748 3563 laetor.
768 3491 881 3577 llup'm
900 3489 997 3583 emm
1007 3485 1167 3560 qaorum

92 3585 237 3645 nostram
263 3585 420 3654 omnibus
445 3589 588 3676 quidem
609 3589 721 3663 rebus
738 3583 878 3673 augeri,
893 3584 1056 3641 mama
1065 3565 1201 3618 ‘mm

134 3691 210 3734 Pam
221 3695 378 3744 1111111111.
999 3669 1044 3717 ᾖ
