2506 3862
397 185 656 242 EPISTULARUM
673 187 712 242 IV
731 193 843 243 17-19.
1062 189 1127 256 103

565 356 675 416 XVIII.

288 455 316 503 c.
340 455 479 504 ruinius
502 456 607 506 sarno
631 457 811 507 snronmo
836 457 901 507 suo
926 458 952 507 s.

180 544 456 622 Quemadmodum
470 547 574 634 magis
588 547 764 631 adprobare
777 548 839 612 tibi
853 570 994 633 possum,
1003 554 1124 633 quanto
1145 568 1159 616 1

112 657 208 719 opere
222 633 320 699 mirer
338 635 569 721 epigrammata
587 641 643 701 tua
662 634 790 721 Graeca,
809 659 905 721 quam
925 638 1012 721 quod
1030 660 1125 722 quae·

84 724 186 791 edam
210 722 324 789 Latine
348 725 501 789 aemulari
524 729 557 790 et
580 726 757 810 exprimere
780 727 956 811 temptavi?
982 727 1017 791 in
1040 728 1124 793 dete·

110 814 179 879 rius
202 813 341 897 quidem.
377 811 507 878 Accidit
529 813 591 879 hoc
608 815 749 898 primum
768 816 978 881 inbecillitate
1001 816 1124 902 ingenii

111 902 185 986 mei,
204 902 317 967 deinde
336 903 445 987 inopia
464 923 501 967 ac
519 904 637 987 potius,
655 908 693 968 ut
709 903 877 970 Lucretius
897 906 951 989 ait,
970 905 1124 992 ‘egestate

110 990 208 1075 patrii
241 992 422 1056 sermonis'.
468 991 590 1069 Quodsi
617 993 709 1076 haec,
737 1015 818 1077 quae
847 999 921 1059 sunt
949 999 981 1060 et
1007 993 1158 1061 Latinan

111 1084 144 1145 et
179 1103 264 1164 mea,
295 1081 413 1146 habere
449 1082 510 1145 tibi
547 1082 670 1166 aliquid
705 1083 883 1148 venustatis
919 1083 1123 1170 videbuntur,

68 1197 97 1238 ro
112 1173 268 1254 quantum
295 1174 390 1254 putas
418 1170 522 1236 inesse
549 1171 589 1236 iis
618 1171 752 1257 gratiae,
776 1194 857 1256 quae
885 1173 966 1238 mihi
994 1177 1123 1240 etate

111 1263 144 1324 et
168 1257 287 1324 Graece
310 1259 538 1343 profenmtur?
575 1259 665 1325 Vale.

578 1427 656 1485 XIX.

207 1525 398 1573 o.1>n1u1us
424 1525 643 1574 astruamus
667 1527 863 1575 maronam
888 1527 975 1576 suaa
1000 1529 1026 1577 s.

178 1612 258 1678 Cum
287 1616 330 1681 sis
358 1615 489 1700 pietatis
519 1619 702 1702 exemplum
733 1618 929 1700 fratremque
962 1619 1155 1702 optimum1

68 1731 95 1773 rs
109 1708 142 1769 et
170 1704 427 1770 amantissimum
455 1705 504 1769 tui
529 1706 601 1790 pari
629 1706 761 1771 caritate
784 1705 934 1772 dilexeris
956 1709 1121 1792 filiamque

110 1794 178 1859 eius
210 1797 247 1858 ut
278 1798 366 1857 tuam
401 1794 517 1880 diligas
547 1816 606 1859 nec
635 1799 761 1859 tantum
789 1795 906 1860 amitae
934 1797 977 1880 ei,
1009 1819 1120 1862 verum

109 1882 207 1948 etiam
230 1883 331 1967 patris
354 1884 464 1949 amissi
487 1884 648 1949 adfectum
670 1888 898 1969 repraesentes,
918 1907 984 1951 non
1007 1885 1120 1951 dubito

108 1972 250 2036 maximo
282 1972 344 2036 tibi
379 1971 496 2058 gaudio
532 1973 617 2056 fore,
654 1994 727 2037 oum
764 1975 953 2060 cognoveris
989 1975 1120 2062 dignam

109 2066 210 2146 patre,
233 2061 363 2148 dignam
386 2066 428 2146 te,
451 2061 582 2148 dignam
606 2085 665 2127 avo
693 2063 832 2128 evadere.
880 2061 1049 2129 Summum
1072 2069 1155 2131 esta

15 2202 19 2210 .
68 2177 95 2217 so
109 2172 253 2234 acumen,
281 2172 406 2215 summa
432 2151 615 2237 frugalitas3
643 2156 729 2216 amat
756 2174 817 2235 me,
849 2153 936 2237 quod
963 2154 1120 2220 castitatis

108 2239 263 2305 indicium
292 2244 349 2304 est.
394 2238 528 2305 Accedit
559 2240 610 2306 his
639 2241 780 2306 studium
813 2241 1002 2325 litterarum,
1033 2243 1121 2326 quod

108 2351 148 2392 ex
170 2329 235 2393 mei
258 2328 390 2392 caritate
414 2331 568 2414 concepit.
605 2330 695 2394 Meos
713 2330 840 2395 libellos
858 2331 965 2413 habet,
986 2332 1120 2416 lectitat,
1139 2349 1155 2397 3

108 2418 222 2482 ediscit
245 2419 351 2482 etiam.
388 2416 458 2494 Qua
481 2419 537 2483 illa
559 2420 784 2503 sollicitudine,
808 2441 880 2483 cum
899 2420 1010 2484 videor
1033 2425 1120 2485 actu·

107 2528 172 2590 rus,
195 2511 324 2591 quanto,
347 2527 420 2570 oum
446 2509 507 2593 egi,
533 2508 649 2594 gaudio
678 2509 839 2573 adficitur!
875 2508 1036 2593 Disponit,
1064 2512 1120 2593 qui

67 2622 93 2663 aa
107 2596 257 2659 nuntient
276 2595 347 2679 sibi,
361 2618 456 2679 quem
476 2596 654 2680 adsensum,
669 2620 749 2681 quos
771 2600 925 2663 clamores
944 2599 1119 2683 excitarim,

108 2705 204 2768 quem
227 2688 377 2749 eventum
401 2685 512 2749 iudicii
539 2687 677 2750 tulerim.
714 2686 846 2771 Eadem,
870 2688 897 2751 si
921 2687 1049 2771 quando
1071 2711 1120 2753 re-

108 2774 182 2856 cito,
205 2773 240 2837 in
262 2775 409 2858 proximo
434 2773 570 2838 discreta
592 2778 664 2840 velo
686 2776 774 2840 sedet
797 2777 969 2860 laudesque
992 2781 1118 2843 nostras

107 2863 301 2928 avidissimis
324 2863 454 2927 auribus
478 2864 605 2947 excipit.
641 2862 762 2930 Versus
786 2866 916 2949 quidem
934 2887 1023 2930 meos
1047 2887 1118 2930 oan-
1137 2882 1154 2931 4

106 2955 156 3016 tat
169 2953 267 3016 etiam
280 2952 462 3034 formatque
481 2953 604 3017 cithara
622 2975 688 3017 non
706 2954 828 3018 artifice
848 2955 955 3038 aliquo
975 2955 1118 3040 docente,

65 3068 92 3109 so
107 3041 163 3105 sed
181 3062 302 3124 amore,
330 3041 386 3123 qui
408 3041 563 3127 magister
590 3046 638 3107 est
662 3043 812 3126 optimus.
856 3042 918 3109 His
946 3066 986 3108 ex
1013 3046 1117 3110 causis
1137 3061 1152 3109 5

106 3131 141 3193 in
175 3152 264 3214 spem
300 3131 509 3194 certissimam
540 3130 681 3195 adducor
709 3136 896 3215 perpetuam
925 3133 1019 3198 nobis
1052 3157 1117 3198 ma-

105 3220 270 3303 ioremque
293 3219 328 3282 in
349 3218 415 3284 dies
437 3219 579 3283 futuram
603 3241 671 3285 esse
690 3220 901 3285 concordiam.
937 3220 1013 3286 Non
1032 3223 1117 3286 enim

177 3364 193 3412 6
212 3358 327 3428 quidem
346 3359 485 3430 RFpra,
501 3358 665 3430 Stoc91675
683 3361 718 3427 cf.
728 3361 780 3414 15.
790 3365 815 3426 3,
834 3361 929 3413 tamen
950 3363 987 3415 M
995 3363 1116 3429 Vnus,

106 3431 154 3497 K„
168 3431 254 3485 dabit.
271 3429 332 3484 Otto
342 3434 403 3484 300.
478 3431 592 3485 ΠΜ.
602 3433 624 3484 Ι
632 3435 695 3485 832.
772 3436 806 3484 10
824 3431 897 3484 mihi
912 3433 939 3486 F
947 3433 996 3499 Rp
1010 3433 1129 3493 Gutum,

109 3502 169 3557 Otto
183 3505 244 3566 300,
263 3517 313 3555 cm.
333 3503 372 3556 M
380 3502 474 3568 Vsar,
495 3503 542 3570 X,
567 3520 625 3576 qua
644 3521 679 3560 ea
697 3505 778 3560 etate
798 3505 840 3560 I).
930 3508 967 3555 Iu
992 3500 1153 3552 adtentum

99 3576 247 3638 alffpost
263 3571 291 3625 ei
308 3573 424 3642 MVD,
443 3576 485 3632 K.
