2506 3862
46 250 47 254 ,
135 187 156 253 8
571 184 598 240 C.
618 186 716 239 PLINI

136 371 209 415 cum
238 372 298 436 ego
329 350 363 413 id
390 349 495 434 ipsum
527 350 742 414 destinassem.
788 347 951 413 Addidisti
979 370 1055 434 ergo
1088 347 1148 412 cal-

136 441 222 504 caria
245 443 360 522 sponte
384 439 522 503 currenti
550 440 732 522 pariterque
760 443 792 502 et
819 438 880 502 tibi
908 437 1033 502 veniam
1061 459 1148 502 recu-

137 529 229 593 sandi
251 528 370 593 laboris
394 533 426 592 et
449 528 531 592 mihi
558 527 707 613 exigendi
734 526 956 591 uerecundiam
981 528 1147 591 sustulisti.

99 636 116 684 2
136 616 221 682 Nam
249 637 309 681 nec
336 639 387 681 me
414 617 527 681 timide
555 616 604 681 uti
627 618 717 681 decet
743 637 789 700 eo,
813 616 899 699 quod
923 616 1139 680 oblatumt
1090 620 1147 699 est,

134 710 257 771 necte
288 706 423 792 gravari,
456 706 542 788 quod
574 705 799 789 depoposcisti.
844 703 999 769 Nont
950 708 999 768 est
1030 709 1189 787 tamen,5

137 796 224 878 quod
242 796 281 859 ab
300 795 432 859 homine
452 794 610 858 desidioso
630 795 753 877 aliquid
770 795 847 858 novi
866 794 971 877 operis
990 796 1147 878 expectes

136 884 196 949 Pet
182 885 300 948 titurus
328 883 399 948 sum
427 882 577 966 enim,n
555 887 593 947 nt
619 905 728 948 rursus
756 903 849 947 vaces
877 883 1025 966 sermoni,
1053 905 1148 966 quem

136 973 222 1056 apud
244 973 422 1057 municipes
448 994 536 1036 meos
558 972 659 1036 habui
681 971 783 1036 biblio
786 972 913 1037 thecam
936 970 1060 1036 dedicat
1047 976 1147 1035 turns.

101 1080 117 1128 3
136 1060 271 1126 Memmr
294 1061 423 1145 quidem
445 1062 510 1125 te
501 1083 565 1124 ram
589 1061 745 1145 quaedam
769 1061 947 1145 adnotasse,
977 1061 1031 1124 sed
1055 1081 1148 1145 gene-

135 1152 259 1234 raliter3
287 1151 358 1216 ideo
386 1171 472 1214 nunc
500 1172 594 1236 rogo,
625 1154 663 1214 ut
692 1171 758 1214 non
789 1154 916 1214 tantum
945 1150 1148 1214 universitati
1164 1179 1190 1218 ιο

136 1240 205 1305 eius
229 1241 382 1324 attendas,
405 1261 515 1303 verum
540 1239 636 1303 etiam
659 1237 841 1323 particulas,
870 1261 933 1320 qua
956 1237 1039 1302 soles
1062 1239 1149 1322 lima,

136 1329 346 1413 persequaris.
383 1326 456 1392 Erit
478 1328 564 1392 enim
586 1331 714 1412 etpost
738 1328 993 1392 emendationem
1011 1326 1148 1391 liberum

97 1436 118 1483 4
136 1417 230 1482 nobis
249 1419 300 1481 vel
318 1417 483 1501 publicare
502 1417 554 1481 vel
577 1417 749 1481 continere.
787 1415 871 1494 Quin
894 1417 993 1480 immo
1012 1416 1148 1481 fortasse

136 1505 220 1569 hanc
247 1507 352 1591 ipsam
382 1505 619 1570 cunctationem
646 1509 790 1571 nostram
813 1506 848 1569 in
871 1507 1057 1569 alterutram
1081 1527 1149 1569 sen-

95 1623 103 1634 ·
136 1599 206 1659 tent
192 1594 271 1659 tiam
290 1595 522 1660 emendationis
540 1595 621 1659 ratio
642 1594 784 1678 deducet,
807 1616 888 1678 quae
907 1599 963 1659 aut
980 1595 1148 1680 indignum
1164 1622 1190 1663 15

137 1683 289 1769 editione,
313 1685 389 1748 dum
413 1685 538 1768 saepius
561 1687 725 1766 retractat,
753 1684 894 1747 irrueniet
921 1687 977 1747 aut
1006 1683 1176 1769 dignum,

100 1774 213 1839 edum
242 1774 311 1836 id
302 1796 408 1859 rpsum
442 1773 617 1859 experit,
566 1773 775 1837 ureffioiet.
753 1770 1021 1855 tQuamquam
1053 1772 1148 1836 huius

137 1862 350 1927 cunctationis
373 1885 462 1927 meae
486 1882 598 1926 causae
608 1825 683 1926 7non
704 1861 799 1925 tam
792 1861 971 1961 inscriptis
995 1882 1090 1943 quam
1115 1860 1149 1923 in

135 1951 207 2035 ipso
227 1956 294 2015 mat
295 1952 378 2015 eriae
398 1972 512 2036 genere
536 1952 731 2035 consistunt;
754 1953 802 2014 est
826 1948 911 2013 enim
934 1947 1031 2034 paulo
1057 1950 1149 2033 quasi

137 2039 309 2124 gloriosius
332 2044 365 2104 et
387 2041 515 2124 elatins3
540 2040 685 2104 onerabit
702 2039 765 2103 hoc
788 2038 978 2103 modestiam
996 2043 1149 2120 nostram,
1163 2065 1190 2104 ao

137 2127 264 2191 etiamsi
292 2128 385 2193 stilus
414 2129 481 2213 ipse
509 2149 637 2211 pressus
666 2128 885 2212 demissusque
912 2127 1024 2211 fuerit,
1053 2148 1148 2210 prop-

136 2220 223 2280 terea
256 2217 343 2301 quod
375 2218 520 2303 cogimur
553 2237 625 2281 cnm
659 2218 696 2281 de
729 2216 948 2281 munificentia
979 2218 1148 2300 parentum

102 2310 320 2373 enostrorum
353 2310 422 2370 tum
455 2306 493 2370 de
525 2309 635 2371 nostra
664 2306 834 2389 disputare.
880 2304 1008 2389 Anceps
1035 2303 1089 2367 hic
1117 2307 1149 2367 et

136 2395 279 2461 lubricus
303 2394 393 2460 locus
418 2400 478 2479 est,
502 2394 599 2459 etiam
623 2415 696 2458 cum
719 2395 768 2458 illi
792 2395 965 2459 necessitas
988 2393 1148 2458 lenocine-

136 2488 198 2548 tur.
243 2482 382 2568 Etenim,
406 2484 434 2548 si
457 2484 579 2548 alienae
602 2505 729 2567 quoqne
758 2483 867 2547 laudes
895 2505 1008 2566 parum
1036 2482 1147 2566 aequis
1163 2509 1189 2548 ιι

137 2574 268 2637 auribus
296 2573 398 2657 accipi
426 2574 543 2656 solent,
571 2595 667 2656 quam
691 2572 823 2637 difficile
851 2576 900 2636 est
923 2571 1081 2655 obtinere,
1107 2593 1148 2634 ne

135 2663 274 2725 molesta
297 2663 442 2726 videatur
470 2662 572 2725 oratio
597 2662 635 2726 de
659 2683 692 2725 se
715 2665 771 2724 aut
795 2661 833 2724 de
859 2661 925 2726 suis
949 2660 1147 2724 disserentis!

136 2772 212 2814 nam
236 2771 308 2813 cum
332 2750 395 2834 ipsi
421 2750 582 2814 honestati
605 2754 675 2814 tum
703 2751 867 2834 aliquanto
895 2750 999 2836 magis
1028 2749 1148 2835 gloriae

137 2839 205 2903 eius
228 2839 522 2923 praedicationique
543 2839 723 2904 invidemus
745 2844 840 2923 atque
859 2863 896 2904 ea
915 2839 1042 2903 demum
1061 2841 1148 2903 recte

137 2927 224 2992 facta
246 2928 353 2992 minus
377 2928 603 3011 detorquemus
627 2933 660 2992 et
683 2929 852 3014 carpimus,
875 2951 956 3013 quae
979 2928 1013 2991 in
1037 2927 1148 2991 obscn-
1163 2952 1190 2992 eo

102 3035 118 3082 '1
136 3017 232 3080 ritate
255 3021 288 3081 et
306 3017 435 3082 silentio
454 3021 661 3100 reponuntur.
699 3016 768 3095 Qua
792 3025 830 3081 ex
854 3038 949 3083 causa
968 3038 1061 3101 saepe
1079 3017 1147 3099 ipse

137 3126 273 3188 mecum,
305 3105 440 3170 nobisne
471 3110 607 3190 tantum,
640 3106 794 3190 quicquid
825 3111 874 3172 est
903 3107 997 3188 istud,
1031 3126 1148 3187 conpo-

138 3195 240 3258 suisse
264 3217 305 3258 an
328 3199 360 3259 et
383 3195 454 3259 aliis
478 3195 658 3259 debeamus.
674 3194 741 3260 ‘Ut
763 3196 866 3279 nobis,
885 3195 1035 3259 admonet
1058 3193 1148 3275 illud,

137 3282 225 3366 quod
242 3282 403 3368 pleraque,
421 3305 502 3366 qnae
522 3289 597 3348 sunt
615 3285 755 3369 agendae
773 3285 820 3348 rei
838 3284 1023 3366 necessaria,
1038 3282 1148 3347 eadem

99 3438 101 3442 ,
133 3376 263 3454 peracta
294 3394 353 3437 nec
384 3373 559 3437 utilitatem
590 3394 699 3457 parem
731 3395 791 3438 nec
827 3375 964 3459 gratiam
1000 3373 1189 3436 retinentes

208 3517 242 3564 26
266 3512 352 3581 optin.
374 3514 412 3566 M
420 3513 484 3578 VF,
503 3512 569 3565 K.I
582 3519 613 3567 ut
633 3513 677 3567 VI
680 3516 708 3566 2.
719 3516 744 3578 7,
769 3513 848 3566 VIII
852 3516 897 3567 24.
908 3517 933 3578 6,
952 3513 1052 3566 1Χ13.
1061 3515 1148 3565 22ex.

137 3583 179 3650 Of.
198 3584 237 3639 ad
259 3583 368 3638 VIII&
380 3589 406 3637 1.
