2506 3862
151 205 215 270 106
584 204 613 260 0·
632 204 731 258 PIsINI

113 372 279 451 truntur,
315 368 350 431 in
386 368 544 453 optimum
582 390 740 452 quemque
777 367 1056 452 contorquebatur.
1112 365 1163 431 De

146 458 243 523 huius
266 458 411 542 nequitia
434 458 712 544 sanguinariisque
735 458 902 522 sententiis
930 457 964 520 in
992 476 1163 520 commune

147 556 257 612 omnes
281 569 377 630 super
400 568 511 612 cenam
533 547 762 630 loquebantur,
785 567 858 610 cum
881 547 950 630 ipse
972 546 1161 629 imperator:

147 634 248 738 ‘Quid
270 640 422 721 putamus
440 658 609 720 passurum
631 636 739 718 fuisse,
763 636 790 700 si
813 634 972 699 riveret'?
1008 633 1053 699 Et
1071 633 1161 698 Mau·

145 725 244 790 ricus:
268 724 464 790 Nobiscum
488 725 634 789 cenaret?

112 829 127 878 ι
213 815 357 900 Longius
386 815 465 897 abii,
491 814 595 879 libens
623 817 739 878 tamen.
784 812 911 877 Placuit
896 816 1047 898 tagona
1078 813 1161 896 tolli,

146 904 202 986 qui
216 925 321 969 mores
334 864 566 968 Viennensium
585 902 788 966 infeceratut
774 905 916 967 tnoster
933 901 987 966 hic
1005 901 1160 966 omnium.

144 991 230 1056 Nam
257 992 489 1057 Viennensium
518 992 599 1057 vitia
628 992 751 1055 intra
742 1012 830 1075 1psos
860 990 1018 1072 residunt,
1048 993 1160 1055 nostra

144 1082 209 1146 late
232 1085 399 1167 vagantur,
422 1084 521 1164 utque
544 1082 579 1145 in
602 1081 791 1164 corporibus
812 1081 911 1145 sicin
929 1079 1064 1162 imperio
1089 1100 1159 1164 gra-

144 1171 294 1235 vissimus
319 1174 367 1234 est
389 1170 531 1254 morbus,
554 1171 610 1254 qui
633 1192 652 1233 a
675 1171 778 1254 capite
803 1168 999 1232 diffunditur.
1023 1167 1114 1232 Vale.
1175 1197 1201 1237 ιι

597 1335 707 1393 XXIII.

319 1434 347 1484 c.
371 1436 509 1484 Pennus
534 1434 715 1483 nonromo
739 1434 846 1483 Basso
872 1435 937 1483 suo
963 1434 990 1482 1.

110 1540 124 1589 1
211 1525 362 1612 Magnam
394 1527 464 1610 cepi
496 1527 709 1609 voluptatem,
748 1545 821 1589 cum
858 1548 897 1589 ex
934 1524 1159 1590 communibus

144 1615 256 1680 amicis
289 1616 427 1701 cognovi
459 1619 500 1698 te,
532 1618 569 1679 ut
601 1615 758 1698 sapientia
789 1618 845 1678 tua
878 1613 1012 1700 dignum
1040 1618 1097 1698 est,
1127 1618 1160 1679 et

144 1704 313 1788 disponere
345 1706 448 1769 otium
486 1708 519 1769 et
549 1703 646 1788 ferre,
682 1703 828 1767 habitare
864 1702 1089 1768 amoenissima
1126 1707 1159 1767 et
1174 1731 1199 1772 ιι

143 1801 229 1858 nunc
251 1797 345 1876 terra,
367 1815 454 1857 nunc
476 1794 557 1858 mari
581 1813 696 1877 corpus
725 1792 856 1878 agitare,
883 1793 1022 1856 multum
1050 1791 1158 1876 dispu-

143 1886 224 1965 tare,
252 1884 392 1947 multum
419 1882 542 1966 audire,
570 1884 708 1947 multum
737 1881 895 1963 lectitare,
924 1900 1060 1964 cumque
1087 1883 1158 1965 plu-

109 1986 124 2033 ι
143 1973 263 2035 ι1ιιιιιιιι
286 1973 377 2054 scias,
401 1971 517 2035 cotidie
540 1976 649 2036 tamen
672 1970 794 2053 aliquid
822 1969 992 2034 addiscere.
1037 1967 1087 2033 Ita
1111 1992 1158 2034 se·

143 2080 271 2124 nescere
303 2063 431 2143 oportet
462 2061 580 2143 virum,
613 2060 669 2144 qui
701 2060 908 2144 magistratus
941 2059 1158 2160 amplissimos

143 2149 286 2233 gesserit,
318 2150 476 2213 exercitus
507 2150 626 2213 rexerit
657 2152 826 2231 totumque
859 2170 892 2213 se
923 2148 970 2211 rei
999 2147 1157 2231 publicae,
1172 2176 1198 2217 ιι

109 2252 241 2321 3quam
275 2199 330 2301 diu
362 2237 507 2320 decebat
540 2238 597 2302 obt
583 2238 701 2302 tulerit.
755 2235 904 2301 Namet
873 2237 1039 2320 etprima
1070 2237 1157 2301 vitae

143 2330 289 2410 tempora
308 2329 340 2390 et
358 2326 463 2390 media
485 2327 617 2410 patriae,
640 2328 782 2389 extrema
804 2326 898 2390 nobis
907 2326 1080 2426 impertire
1104 2325 1157 2390 de·

143 2415 334 2498 bemus,ut
296 2416 453 2499 uipsae
484 2417 572 2501 leges
604 2417 745 2497 monent,
773 2436 853 2497 quae
881 2415 1034 2478 maiorem
1062 2416 1155 2480 annis

107 2520 124 2569 4
143 2505 210 2568 otio
229 2503 374 2568 reddunt.
406 2503 539 2581 Quando
559 2503 639 2568 mihi
657 2504 777 2585 licebit,
796 2503 923 2587 quando
941 2525 999 2586 per
1017 2506 1155 2568 aetatem

142 2594 313 2658 honestum
341 2595 402 2658 erit
429 2595 549 2658 imitari
576 2593 663 2658 istud
694 2592 927 2676 pulcherrimae
956 2592 1072 2675 quietis
1103 2615 1156 2656 ex·
1170 2621 1196 2662 as

143 2684 306 2766 emplum?
339 2683 467 2766 quando
500 2704 642 2748 secessus
674 2683 737 2746 mei
764 2703 830 2745 non
857 2681 996 2746 desidiae
1027 2703 1156 2766 nornen,

143 2771 198 2836 sed
221 2773 466 2855 tranquillitatis
489 2773 669 2856 accipient?
714 2770 804 2834 Vale.

593 2936 700 2995 XXIV.
991 2985 995 2996 .

330 3037 358 3085 c.
381 3037 520 3085 rannus
545 3037 649 3086 ramo
672 3036 827 3085 ιιιιιιιιι
850 3034 915 3083 suo
940 3035 967 3083 s.

108 3144 122 3193 1
207 3125 358 3192 Proxime
391 3148 463 3191 cum
496 3128 581 3211 apud
613 3127 828 3192 centumviros
866 3125 915 3205 [in
951 3125 1154 3210 quadruplici
1168 3154 1195 3194 ao

141 3216 274 3302 iudicio]
300 3216 460 3300 dixissem,
484 3217 583 3281 subiit
605 3215 783 3281 recordatio
805 3214 907 3299 egisse
931 3237 981 3278 me
1004 3215 1153 3280 iuvenem

106 3323 122 3371 ι
141 3328 241 3390 aeque
264 3307 300 3370 in
322 3306 533 3390 quadruplici.
571 3304 732 3369 Processit
755 3303 889 3385 animus,
912 3306 948 3366 ut
972 3305 1062 3386 10111,
1085 3306 1155 3368 lon·

141 3395 227 3482 gius3
251 3397 342 3480 coepi
364 3399 521 3479 reputare,
544 3416 625 3478 quos
648 3394 683 3456 in
705 3393 767 3457 hoc
789 3391 917 3474 iudicio,
940 3412 1020 3475 quos
1043 3393 1078 3455 in
1096 3395 1153 3459 illo

181 3589 223 3636 30
238 3587 272 3640 in
288 3587 392 3657 quadr.
408 3589 471 3646 iun
492 3607 546 3647 orn.
563 3590 637 3657 FB,
653 3588 739 3656 Oort,
758 3585 1116 3658 suspiciuncula.
