2506 3862
130 206 195 270 332
566 205 593 260 C.
613 158 710 260 rann

129 391 232 453 norea,
256 370 412 453 capessite
437 371 613 454 civitatem3
635 370 797 434 neminem
815 370 878 434 hoc
900 370 1148 435 necessitudini·

130 459 189 521 bus
212 459 385 543 abruptum
409 460 498 523 velut
520 463 670 524 buricum
692 463 958 543 amputatumque
976 458 1147 544 destituet,

59 575 64 584 ·
129 548 230 611 isdem
258 570 368 612 omnes
396 548 513 631 quibus
541 552 615 612 ante
643 547 842 634 pignoribus,
865 548 920 611 sed
942 548 1145 613 honestiores

128 637 340 719 perfruentur.

194 725 243 790 Ac
266 749 306 790 ne
329 727 512 790 remotioris
537 726 666 809 quidem
689 727 818 808 iamque
837 726 1014 790 deficientis
1038 727 1144 791 affini·
1173 752 1187 792 1

127 815 203 878 tatis
227 816 344 900 gradus
367 838 386 879 a
409 814 552 898 qualibet
575 816 754 898 quantitate
781 816 965 879 vicesimam
992 819 1029 878 ut
1052 816 1144 898 prius

128 904 245 968 infame
268 907 432 990 cogentur.
469 903 591 968 Statuit
609 905 694 968 enim
719 904 897 968 communis
917 903 1060 967 omnium
1085 927 1145 987 pa·

75 995 201 1061 4011111
224 1015 392 1075 summam,
416 1014 496 1075 quae
524 993 733 1076 publicanum
761 994 829 1077 pati
856 997 973 1075 posset.
1012 990 1145 1058 Garebit

128 1103 223 1146 onere
246 1083 423 1146 vicesimae·
434 1104 532 1165 parva
555 1086 588 1145 et
607 1083 699 1146 exilis
717 1081 877 1146 hereditas
901 1085 942 1164 et,
960 1083 988 1145 si
1006 1083 1052 1145 ita
1070 1104 1144 1168 gra·

127 1175 179 1234 tus
198 1170 289 1234 heres
308 1172 403 1253 volet,
421 1174 491 1234 tota
509 1171 665 1255 sepulcm,
685 1175 754 1235 tota
771 1171 877 1234 funeri
896 1173 1025 1254 serviet3
1044 1194 1143 1236 nemo
1159 1199 1185 1237 rc

128 1261 322 1341 observator,
336 1281 430 1323 nemo
446 1260 620 1344 castigator
633 1261 774 1324 adsistat.
803 1258 1000 1342 Cuicumque
1014 1261 1144 1325 modica

126 1350 261 1431 pecunia
276 1371 315 1412 ex
333 1348 510 1413 hereditate
529 1350 664 1414 alicuius
683 1349 857 1431 obvenerit,
876 1371 1005 1413 securus
1024 1349 1145 1414 habeat

91 1437 318 1520 aquietusque
341 1439 511 1521 possideat.
557 1437 606 1501 Ea
628 1439 681 1501 lex
704 1439 874 1502 vicesimae
902 1439 987 1502 dicta
1017 1442 1074 1520 est,
1104 1444 1144 1503 ut

7 1584 13 1591 .
127 1526 167 1590 ad
194 1527 373 1610 pericnlum
404 1528 471 1590 eius
501 1527 661 1610 perveniri
690 1528 753 1591 nisi
786 1527 901 1610 opibus
933 1548 1000 1591 non
1028 1528 1142 1611 possit.

127 1613 287 1679 Conversa
306 1620 354 1680 est
378 1617 531 1699 iniqnitas
555 1616 589 1680 in
612 1617 870 1701 gratulationem,
888 1616 1005 1680 iniuria
1028 1618 1062 1679 in
1085 1638 1141 1681 vo·
1158 1643 1184 1683 15

91 1723 106 1770 3
126 1708 209 1789 tum,
233 1708 324 1787 optat
346 1705 447 1786 heres,
470 1708 507 1768 ut
529 1706 714 1768 vicesimam
738 1705 859 1769 debeat.
897 1703 1053 1768 Additum
1082 1710 1141 1789 est,

126 1797 171 1877 ut,
195 1795 251 1876 qui
275 1796 342 1857 eius
366 1795 454 1857 modi
477 1817 517 1857 ex
540 1795 644 1858 causis
668 1795 702 1857 in
725 1794 809 1857 diem
834 1794 931 1858 edicti
953 1795 1142 1858 vicesimam

126 1882 288 1964 deberent,
310 1883 452 1946 nondum
472 1887 581 1947 tamen
599 1884 791 1965 intulissent,
810 1905 876 1947 non
894 1884 1057 1947 inferrent.
1095 1882 1142 1948 At

129 1972 163 2034 in
190 1973 397 2054 praeteritum
425 1971 594 2036 subvenire
628 1994 668 2035 111
701 1971 735 2036 di
762 1972 889 2055 quidem
923 1977 1071 2056 possunt,
1103 1977 1141 2036 tu

125 2063 234 2122 tamen
263 2061 441 2124 subvenisti
469 2061 654 2144 cavistique,
682 2064 720 2124 ut
747 2061 904 2125 desineret
928 2063 1063 2144 quisque
1088 2061 1140 2125 de
1156 2089 1182 2127 rc

125 2148 208 2231 bere,
232 2148 318 2232 quod
340 2170 404 2214 noc
426 2154 509 2213 esset
531 2155 644 2233 postea
667 2149 839 2228 debiturus,
864 2150 897 2213 id
925 2155 973 2214 est
996 2151 1141 2233 effecisti,

89 2255 165 2302 4ne
188 2238 290 2302 malos
314 2239 475 2322 principes
498 2239 729 2303 habuissemus
770 2237 840 2314 Quo
866 2240 1006 2323 ingenio,
1034 2241 1062 2303 si
1084 2262 1140 2304 na-

125 2330 197 2390 tura
212 2331 383 2410 pateretur,
398 2349 494 2410 quam
508 2328 646 2392 libenter
664 2332 715 2391 tot
733 2328 889 2410 spoliatis,
906 2331 956 2392 tot
970 2328 1140 2392 trucidatis

89 2434 105 2480 5
125 2416 314 2501 sanguinem
337 2419 369 2479 et
391 2416 476 2480 bona
494 2417 678 2481 refudisses!
707 2415 849 2480 Vetuisti
868 2418 963 2502 exigi,
982 2416 1068 2499 quod
1087 2418 1140 2481 dc-

125 2505 193 2568 beri
222 2527 288 2568 non
317 2509 373 2569 tuo
405 2506 531 2569 saeculo
558 2510 714 2588 coeperat.
755 2503 849 2569 Alius
877 2510 914 2569 ut
942 2507 1138 2570 contumaci·
1155 2533 1181 2574 11

123 2593 184 2657 bns
208 2595 396 2658 irasceretur
416 2593 667 2677 tarditatemque
683 2593 827 2658 solvendi
850 2595 940 2678 dupli
965 2595 1016 2658 vel
1039 2596 1138 2659 etiam

124 2683 295 2766 quadrupli
327 2684 521 2767 irrogatione
553 2683 713 2765 multaret,
745 2688 782 2747 tu
813 2684 897 2747 nihil
927 2685 1043 2748 referre
1079 2686 1138 2748 ini-

124 2772 256 2854 quitatis
280 2773 453 2856 existimas,
477 2773 595 2856 exigas,
619 2772 705 2855 quod
728 2773 836 2836 deberi
858 2795 925 2836 non
948 2775 1138 2857 oportuerit,

123 2881 165 2922 111
189 2861 373 2942 constituas,
397 2865 434 2924 nt
457 2861 616 2925 debeatur.

70 2945 115 3012 41
189 2947 293 3032 Feres,
318 2947 441 3032 Caesar,
465 2971 572 3013 curam
597 2954 629 3013 et
652 2949 899 3014 sollicitudinem
926 2952 1136 3015 consularem.
1152 2978 1179 3018 cc

122 3033 206 3100 Nam
236 3038 316 3100 mihi
344 3039 499 3124 cogitanti
527 3039 661 3102 eundern
690 3042 722 3102 te
750 3039 939 3103 collationes
967 3041 1137 3122 remisisse,

194 3236 207 3282 1
228 3230 483 3298 necessitudinibus
498 3232 596 3286 Madv.
610 3231 673 3285 udo.
683 3232 739 3284 ΙΙΙ
749 3235 812 3298 219,
830 3232 1047 3285 necessitudinis
1061 3235 1135 3303 culp.

122 3307 137 3353 ὁ
156 3301 314 3356 remotioris
328 3303 364 3368 A,
383 3303 485 3357 Bccbr.
499 3321 530 3371 p.
541 3303 645 3368 XXII,
668 3302 803 3356 remotius
822 3309 880 3357 cett.
900 3304 987 3368 codd,
1010 3305 1135 3357 remotus

121 3374 202 3442 cala,
216 3373 489 3442 remoti—cogentur
503 3375 614 3438 Barba,
629 3375 745 3443 cogetur
759 3379 792 3443 (c.
804 3375 960 3444 cogeretur)
969 3375 1032 3429 dett.
1047 3375 1135 3442 coda,

110 3445 183 3513 aab.
260 3451 277 3499 6
297 3447 329 3501 ut
340 3445 423 3517 pn'us
437 3446 474 3514 A,
489 3461 540 3501 cra.
555 3451 614 3501 cett.
627 3445 705 3500 codd.
719 3451 745 3499 et
757 3445 816 3498 edd.
885 3449 902 3497 8
920 3447 1016 3514 posset
1029 3447 1135 3512 Incia,

92 3513 189 3638 ἦῆ
201 3517 322 3589 Baehr,
335 3519 434 3593 possit
448 3521 524 3595 culp.
601 3523 636 3573 ab
654 3516 703 3572 vel
716 3517 805 3571 etiam
819 3517 856 3580 A,
869 3523 933 3568 1111.
946 3517 1016 3579 cdd,
1027 3518 1139 3581 Boetia,

82 3596 115 3632 ve
150 3601 167 3638 e
203 3591 253 3658 M,
273 3593 317 3650 K
587 3620 592 3627 ,
