2506 3862
157 199 221 263 190
493 228 496 232 ·
591 195 619 251 O.
638 196 736 251 PLINI

119 379 135 426 8
154 363 265 426 inanes
289 361 350 426 sibi
373 364 479 425 metus
501 361 645 447 fingeret.
675 357 783 442 Initio,
807 360 900 442 quale
923 359 1052 441 ubique,
1075 359 1170 422 silen-

155 452 238 515 tium
261 451 375 534 noctis,
398 450 473 514 dein
495 450 624 514 concuti
646 449 776 532 ferrum,
799 449 927 514 vincula
945 448 1076 511 moveri.
1108 446 1169 512 Ille

155 562 221 605 non
242 540 355 604 tollere
379 540 499 622 oculos,
521 560 587 602 non
609 538 771 602 remittere
791 538 910 620 stilum,
933 537 988 601 sed
1006 537 1169 600 offirmare

154 629 297 693 animum
320 628 516 711 auribusque
532 626 746 712 praetendere.
786 624 868 690 Tum
893 626 1089 692 crebrescere
1106 625 1169 689 fra

155 740 223 805 gor,
245 718 415 782 adventare
439 721 471 782 et
492 717 557 780 iam
580 716 670 780 utin
686 716 807 799 limine,
829 717 893 779 iam
912 718 949 779 ut
967 715 1052 779 intra
1068 715 1168 779 limen
1197 741 1209 782 1

154 808 266 872 audiri.
307 806 461 890 Respicit,
483 806 570 870 videt
592 805 802 890 agnoscitque
822 809 983 868 narratam
1012 804 1072 867 sibi
1101 804 1167 867 effi-

120 898 249 983 agiem.
283 894 396 960 Stabat
418 895 636 976 innuebatque
659 893 761 979 digito
786 893 900 958 similis
923 894 1060 958 vocanti.
1104 891 1169 958 Hic

156 990 280 1068 contra,
307 988 344 1048 ut
365 985 498 1068 paulum
522 987 719 1067 expectaret,
742 1005 840 1046 manu
863 982 1023 1068 significat
1045 1004 1167 1045 rursus-

158 1097 220 1158 que
244 1072 324 1139 ceris
347 1077 380 1137 et
403 1073 477 1137 stilo
500 1072 667 1138 incumbit.
699 1069 759 1135 1111
779 1071 946 1137 scribentis
970 1071 1067 1155 capiti
1087 1075 1168 1136 cate

154 1165 204 1228 nis
218 1162 396 1227 insonabat.
427 1160 572 1246 Respicit
589 1182 698 1226 rursus
715 1160 801 1224 idem
820 1160 906 1243 quod
923 1161 1012 1244 prius
1035 1161 1210 1225 innuen-10

104 1268 136 1317 10
156 1256 222 1317 tem
252 1271 311 1315 nec
333 1254 476 1315 moratus
506 1251 594 1314 tollit
622 1252 732 1314 lumen
759 1253 792 1314 et
821 1250 972 1332 sequitur.
1018 1247 1090 1313 lbat
1112 1249 1169 1312 illa

154 1342 243 1405 lento
256 1340 368 1425 ‘gradu
402 1340 492 1423 quasi
517 1340 622 1425 gravis
649 1339 794 1403 vinculis.
839 1337 1014 1421 Postquam
1039 1338 1169 1402 deflexit

156 1430 190 1492 in
221 1451 327 1492 aream
364 1428 492 1511 domus,
528 1432 658 1510 repente
694 1427 818 1511 dilapsa
855 1427 972 1491 deserit
1008 1427 1167 1492 comitem.

156 1516 309 1582 Desertus
332 1517 447 1581 herbas
470 1521 503 1581 et
524 1517 603 1580 folia
626 1520 796 1600 concerpta
819 1516 948 1601 signum
971 1516 1043 1581 1010
1066 1516 1167 1600 ponit.

103 1625 135 1673 11
155 1606 288 1672 Postero
312 1606 362 1671 die
385 1606 452 1670 adit
474 1607 694 1691 magistratus,
726 1609 849 1688 monet,
876 1608 913 1669 ut
939 1605 1032 1669 illum
1059 1606 1167 1668 locum
1182 1630 1208 1670 1⁵

155 1694 251 1761 effodi
283 1696 422 1760 iubeant.
476 1692 688 1759 Inveniuntur
720 1715 791 1758 ossa
829 1694 948 1758 inserta
980 1694 1099 1758 catenis
1136 1698 1169 1757 et

156 1785 321 1868 inplicita,¹
334 1806 415 1868 quae
439 1805 554 1868 corpus
577 1805 655 1848 aevo
679 1786 826 1865 terraque
848 1782 1064 1867 putrefactum
1082 1782 1169 1845 nuda
1198 1835 1202 1843 .

156 1879 189 1938 et
212 1896 305 1939 exesa
327 1873 499 1956 reliquerat
521 1873 667 1937 vinculis.
696 1869 839 1936 Collecta
861 1871 988 1955 publice
1012 1872 1167 1955 sepeliun-

104 1979 136 2027 12
156 1967 218 2027 tur.
263 1961 387 2025 Domus
410 1966 522 2046 postea
548 1963 609 2026 rite
632 1960 769 2027 conditis
797 1960 945 2024 manibus
969 1962 1078 2025 caruit.
1124 1959 1169 2024 Et

155 2052 235 2115 haec
257 2050 386 2134 quidem
409 2050 651 2114 adfirmantibus
675 2050 782 2134 cred05
805 2049 886 2113 illud
908 2049 1075 2113 adfirmare
1095 2048 1208 2114 aliisae

155 2161 300 2224 possum:

222 2227 283 2293 Est
300 2228 435 2292 libertus
449 2228 530 2292 mihi
544 2227 670 2292 Marcus
689 2249 756 2291 non
773 2228 978 2292 inlitteratus.
1006 2225 1086 2290 Cum
1105 2227 1168 2292 hoc

156 2318 262 2381 minor
283 2317 382 2381 frater
405 2317 516 2382 eodem
538 2317 622 2381 lecto
644 2317 836 2398 quiescebat.
869 2314 901 2380 Is
923 2317 1010 2380 visus
1035 2320 1083 2380 est
1106 2316 1168 2380 sibi

157 2429 284 2472 cernere
298 2405 456 2490 quendam
471 2407 506 2469 in
523 2409 595 2470 toro
609 2406 800 2470 residentem
817 2405 1103 2488 admoventemque
1118 2427 1167 2470 ca-

155 2497 217 2580 piti
231 2518 288 2560 suo
304 2496 424 2561 cultros
438 2499 534 2578 atque
548 2495 645 2559 etiam
664 2518 704 2559 ex
721 2495 792 2579 ipso
814 2495 929 2560 vertice
947 2498 1166 2576 amputantem
1181 2519 1207 2560 11

157 2587 298 2670 capillos.
330 2583 396 2649 Ubi
415 2585 542 2666 inluxit,
557 2585 628 2668 ipse
647 2584 731 2648 circa
749 2584 900 2649 verticem
918 2587 1040 2664 1011111,
1059 2584 1167 2667 capilli

105 2691 137 2739 13
156 2675 295 2739 iacentes
322 2674 532 2757 reperiuntur.
577 2672 741 2758 Exiguum
769 2673 922 2757 temporis
950 2672 1105 2753 medium,
1136 2676 1167 2736 et

157 2784 266 2827 rursus
290 2762 394 2826 simile
417 2762 506 2826 aliud
528 2761 628 2846 priori
650 2761 746 2825 fidem
765 2761 850 2826 fecit.
891 2760 975 2825 Puer
997 2761 1031 2824 in
1053 2761 1166 2844 paeda-

158 2852 256 2935 gogio
280 2851 400 2915 mixtus
423 2851 570 2935 pluribus
594 2850 786 2933 dormiebat3
818 2854 974 2915 venerunt
1002 2871 1060 2932 per
1081 2849 1166 2913 fene-

159 2944 239 3003 stras
270 2937 329 3024 (ita
359 2937 480 3026 narrat)
513 2940 548 3002 in
577 2940 695 3004 tunicis
723 2940 805 3004 albis
837 2939 900 3003 duo
933 2939 1166 3021 cubantemque
1181 2965 1207 3005 10

81 3043 84 3051 ·
158 3027 371 3091 detonderunt
394 3032 434 3110 et,
458 3050 521 3111 qua
543 3032 704 3112 venerant,
727 3032 932 3094 recesserunt.
969 3026 1066 3092 Hunc
1089 3048 1166 3110 quo-

159 3139 221 3200 que
252 3120 382 3180 tonsum
415 3138 605 3201 sparsosque
638 3118 721 3182 circa
754 3118 886 3201 capillos
918 3117 984 3181 dies
1017 3117 1164 3181 ostendit.

106 3223 139 3271 14
157 3204 250 3270 Nihil
270 3206 412 3270 notabile
436 3209 594 3289 secutum,
625 3206 689 3271 nisi
710 3206 794 3270 forte
822 3206 908 3289 quod
934 3227 1001 3269 non
1022 3206 1069 3269 fui
1093 3227 1165 3270 reus

157 3296 296 3377 tutinus,
316 3294 344 3358 si
365 3293 584 3378 Domitianus,
607 3296 666 3360 sub
690 3317 753 3379 quo
777 3295 856 3360 haec
878 3294 1075 3376 acciderunt,
1098 3293 1165 3358 diu-

213 3510 234 3554 2
251 3505 357 3560 deinde
363 3523 441 3576 pra.
465 3507 518 3563 Ad
524 3525 555 3578 p.
567 3511 629 3564 155.
641 3511 666 3564 6.
722 3511 739 3561 8
757 3504 972 3576 paululumpe3
985 3506 1023 3557 ud
1036 3504 1169 3556 111114,

121 3573 163 3618 22
177 3571 299 3628 Marcus
320 3578 435 3648 Catari„
453 3579 494 3636 M.
505 3589 577 3652 post
596 3580 677 3640 inlit.
691 3581 757 3652 Dp,
776 3596 828 3634 orn.
850 3578 888 3632 K.
