2506 3862
430 223 688 278 EPISTULARUM
705 223 745 277 III
763 228 787 279 9.
1074 224 1118 289 69

103 387 199 451 initio
220 386 428 451 dubitabatur
445 408 487 450 an
506 387 637 450 omnino
657 387 777 451 crimen
792 390 883 451 esset.
906 387 986 452 Post
999 410 1120 471 paucos
1140 405 1173 454 18

103 477 173 540 dies
193 472 363 539 Claudium
382 473 532 559 Fuscum,
555 473 690 540 Classici
710 497 871 561 generum,
894 480 927 540 et
946 475 1120 541 Stilonium

103 565 262 648 Priscum,
285 564 341 647 qui
360 564 509 628 tribunus
528 565 670 629 cohortis
690 565 749 629 sub
769 562 910 629 Classico
934 565 1047 649 fuerat,
1070 588 1120 632 ac-

104 654 288 720 cusavimus
319 653 438 736 dispari
467 658 591 718 eventu.
637 653 747 718 Prisco
777 654 812 718 in
838 654 1004 718 biennium
1026 654 1120 719 Italia

77 743 322 826 sinterdictum,
345 742 512 807 absolutus
536 747 585 807 est
603 741 735 807 Fuscus.
765 740 903 808 Actione
922 744 1016 808 tertia
1035 764 1121 809 com·
1141 761 1173 809 19
1218 746 1220 755 '

104 832 330 896 modissimum
344 832 529 915 putavimus
542 832 650 915 plures
666 853 867 918 congregare,
885 855 934 916 ne,
949 833 977 895 si
991 833 1120 918 longius

105 926 191 986 esset
205 923 347 985 extracta
362 921 514 1006 cognitio,
533 921 680 985 satietate
699 925 732 985 et
746 921 851 985 taedio
871 921 1010 1004 quodam
1029 922 1121 986 iusti·

104 1012 153 1075 tia
172 1010 435 1096 cognoscentium
454 1010 670 1092 severitasque
691 1011 925 1096 languesceret3
949 1015 981 1074 et
998 1011 1121 1094 alioqui

105 1102 294 1183 supererant
312 1099 452 1162 minores
469 1099 517 1163 rei
535 1099 609 1162 data
628 1120 724 1182 opera
741 1099 828 1164 hunc
845 1100 880 1163 in
897 1100 1004 1164 locum
1023 1122 1121 1164 reser-

64 1216 92 1256 11
106 1189 184 1271 vati,
203 1192 336 1271 excepta
354 1192 464 1252 tamen
483 1186 618 1253 Classici
640 1209 749 1271 uxore,
768 1210 849 1271 quae
869 1189 952 1254 sicut
975 1188 1121 1272 inplicita

107 1276 346 1362 suspicionibus
370 1277 416 1340 ita
440 1299 506 1341 non
525 1277 602 1341 satis
626 1277 773 1342 convinci
791 1277 1035 1361 probationibus
1053 1278 1121 1341 visa

107 1370 165 1431 ast.
201 1365 286 1430 Nam
310 1363 443 1430 Classici
466 1366 543 1448 filia,
571 1388 652 1449 quae
680 1369 712 1430 11
735 1366 805 1449 ipsa
832 1367 916 1431 inter
942 1388 1015 1430 reos
1044 1371 1174 1449 111111

106 1478 148 1519 11
180 1455 419 1539 suspicionibus
452 1455 581 1537 quidem
611 1456 772 1520 haerebat.
818 1453 947 1539 Itaque,
978 1478 1051 1520 cum
1080 1455 1122 1519 ad

106 1566 226 1608 nomen
250 1545 318 1607 eius
341 1544 376 1606 in
399 1546 541 1607 extrema
563 1545 690 1608 actione
712 1544 872 1608 venissem
896 1543 1013 1631 (neque
1036 1545 1121 1609 enim

67 1638 147 1701 1111
169 1633 263 1696 initio
293 1632 339 1697 sic
362 1633 459 1696 etiam
482 1632 517 1695 in
540 1632 603 1697 fine
626 1632 799 1697 verendum
824 1637 900 1716 erat,
922 1655 962 1696 ne
985 1656 1042 1717 per
1059 1633 1122 1697 hoc

108 1723 210 1787 totius
237 1722 450 1786 accusationis
478 1723 653 1786 auctoritas
681 1721 906 1806 minueretur),
934 1721 1122 1785 honestissi-

108 1834 198 1875 mum
228 1810 349 1881 credidi
378 1832 444 1874 non
474 1832 618 1893 premere
648 1811 858 1874 inmerentem
888 1810 985 1892 idque
1014 1811 1121 1893 ipsum

109 1900 176 1963 dixi
200 1904 232 1964 et
255 1900 355 1963 libere
379 1904 411 1964 et
433 1900 528 1963 varie.
564 1898 649 1964 Nam
672 1899 772 1964 modo
798 1901 923 1984 legatos
946 1899 1122 1984 interroga·
1141 1916 1173 1963 11

109 1990 198 2071 bam,
222 1988 447 2053 docuissentne
470 2011 522 2051 111
546 1988 682 2071 aliquid,
705 1989 792 2071 quod
817 1988 1004 2072 reprobari
1027 2010 1122 2072 posse

68 2104 95 2144 11
110 2077 320 2158 confiderent,
336 2076 439 2140 modo
468 2078 639 2141 consilium
663 2100 682 2141 1
705 2082 819 2142 111111
846 2079 1008 2162 petebam,
1031 2081 1122 2160 puta-

109 2171 199 2231 retne
223 2166 338 2230 debere
361 2188 422 2249 me,
445 2167 473 2228 si
499 2188 595 2249 quam
623 2166 775 2231 haberem
802 2167 838 2230 in
865 2166 999 2231 dicendo
1023 2166 1121 2231 facul-

109 2259 219 2338 tatem,
242 2256 277 2319 in
300 2255 447 2339 iugulum
470 2255 652 2320 innocentis
677 2257 769 2339 quasi
797 2257 898 2319 telum
921 2253 1053 2338 aliquod
1075 2256 1122 2318 in-

109 2346 252 2428 tendere,
284 2348 447 2428 postremo
480 2348 585 2408 totum
622 2346 730 2409 locum
766 2345 829 2408 hoc
865 2345 929 2408 fine
966 2345 1122 2408 conclusi:

110 2433 221 2498 ‘Dicet
250 2433 368 2516 aliquis
399 2431 541 2498 ‘Iudicas
572 2433 687 2518 ergo?’
717 2454 777 2518 ego
807 2455 883 2497 vero
911 2455 977 2497 non
1006 2432 1123 2515 iudico,

69 2549 95 2589 11
110 2522 244 2586 memini
276 2527 386 2586 temen
417 2544 469 2585 me
501 2522 692 2586 advocatum
725 2544 764 2585 ex
796 2521 957 2585 iudicibus
990 2520 1121 2584 datum?

109 2610 176 2675 Hic
202 2611 482 2675 numerosissimae
511 2633 624 2676 causae
652 2611 808 2675 terminus
835 2611 899 2674 fuit
930 2609 1121 2693 quibusdam
1141 2626 1174 2673 11

110 2700 278 2783 absolutis,
296 2700 443 2784 pluribus
463 2700 622 2764 damnatis
641 2703 737 2782 atque
756 2700 854 2764 etiam
873 2699 1032 2784 relegatis,
1050 2700 1122 2762 aliis

110 2790 145 2852 in
168 2793 305 2872 tempus,
328 2789 401 2853 aliis
425 2789 460 2851 in
481 2784 680 2872 perpetuum.

177 2877 301 2942 Eodem
326 2881 455 2942 senatus
479 2879 625 2942 consulto
649 2876 816 2959 industria,
834 2876 923 2958 fides,
942 2876 1123 2941 constantia
1141 2894 1175 2942 11

70 2992 97 3032 ec
110 2971 220 3031 nostra
242 2967 431 3050 plenissimo
455 2967 641 3030 testimonio
668 2967 876 3049 comprobata
904 2970 966 3048 est,
989 2966 1122 3051 dignum

112 3057 282 3139 solumque
304 3078 363 3139 par
384 3057 524 3138 pretium
548 3057 630 3118 tenti
652 3056 782 3119 laboris.
819 3053 993 3137 Concipere
1014 3055 1176 3118 11111114

111 3149 214 3228 potes,
241 3167 338 3228 quam
368 3145 468 3207 simus
496 3145 638 3229 fatigati,
668 3144 785 3227 quibus
811 3144 930 3208 totiens
954 3144 1123 3229 agendum,

112 3235 231 3298 totiens
269 3233 502 3315 altercandum,
534 3237 600 3296 tam
637 3233 732 3295 multi
764 3235 862 3296 testes
895 3232 1123 3318 interrogandi,

112 3322 316 3405 sublevandi,
347 3322 515 3386 refutandi.
562 3320 631 3384 Iam
664 3321 720 3384 illa
753 3341 850 3402 quam
882 3321 993 3405 ardua,
1026 3342 1122 3403 quam
1142 3336 1175 3384 15

184 3538 200 3585 2
215 3531 364 3586 Claudium
379 3532 464 3600 n'pe,
474 3532 542 3597 KJ,
557 3530 627 3585 Clau
636 3549 660 3595 r,
674 3530 801 3585 Clavium
810 3550 837 3597 a,
852 3530 979 3584 Cluvium
988 3532 1026 3596 D,
1037 3531 1074 3584 K.
1080 3533 1123 3584 Π.

114 3608 146 3656 11
167 3603 314 3672 suspition.
329 3620 362 3658 ea
375 3604 413 3669 F,
426 3607 496 3658 c.13
509 3619 543 3657 ecc
555 3604 628 3670 FD,
649 3603 793 3670 V131.11‚
810 3602 1091 3658 1111111111.

1237 3650 1252 3757 l
