2506 3862
1081 154 1112 187 U

135 213 201 276 234
571 208 602 263 (ι’
619 209 717 263 PLINI

134 380 166 440 et
190 375 283 459 quasi
302 396 488 458 oppressam
509 394 623 459 cogam
641 373 789 457 pluribus
809 374 945 459 singule,
963 373 1149 457 posteriori-

133 464 193 528 bus
216 464 324 548 priora
349 463 518 528 dimittere.
564 461 654 527 Vale.

602 628 681 686 XIX.

401 728 428 776 c.
452 729 590 776 eminus
615 728 743 776 nusoru
767 729 832 777 suo
857 729 883 776 u.

99 837 113 884 1
201 818 369 905 Significas
382 819 499 905 legisse
518 822 549 882 te
563 819 598 882 in
617 819 754 902 quadem
773 818 911 904 epistula
926 841 997 883 mea
1016 818 1148 882 iussisse
1178 843 1189 884 ι

133 907 311 993 Verginum
335 907 457 972 Rufum
479 907 612 973 inscribi
636 909 782 993 sepulcro
806 929 880 972 suo:

178 1014 261 1080 ‘Hic
302 1015 400 1079 situs
441 1018 499 1080 est
539 1013 679 1099 Rufus,
724 1016 835 1099 pulso
877 1015 942 1098 qui
983 1013 1149 1078 Vindice

868 1102 1058 1187 quondam

222 1192 424 1277 imperium
448 1192 619 1256 adseruit
641 1213 716 1256 non
739 1193 828 1278 sibi,
851 1192 916 1257 sed
938 1191 1108 1276 patriae?

132 1298 361 1383 Reprehendis,
385 1299 472 1382 quod
494 1299 632 1383 iusserit,
656 1298 745 1363 addis
764 1300 861 1363 etiam
880 1299 995 1362 melius
1016 1299 1190 1364 rectius-10

134 1410 196 1472 que
222 1386 427 1473 Frontinum,
457 1389 545 1472 quod
572 1389 710 1452 vetuerit
738 1390 869 1453 omnino
902 1390 1148 1452 monumentum

133 1476 195 1540 sibi
218 1477 302 1560 fieri,
333 1498 447 1560 meque
470 1478 511 1541 ad
534 1481 728 1561 extremum,
756 1477 834 1560 quid
857 1478 896 1541 de
918 1481 1056 1561 utroque
1079 1499 1149 1540 sen·

98 1582 113 1630 ι
132 1567 220 1650 tiam,
244 1566 393 1631 consulis.
438 1564 620 1649 Utrumque
644 1565 755 1651 dilexi,
782 1567 916 1631 miratus
940 1588 1012 1630 sum
1036 1567 1149 1651 magis,

135 1677 230 1739 quem
253 1660 290 1720 tu
312 1655 532 1740 reprehendis,
554 1659 650 1739 atque
673 1656 719 1720 ita
741 1656 885 1739 miratus,
908 1659 1033 1718 utnon
1056 1658 1150 1738 puta-

133 1767 201 1809 rem
234 1744 312 1810 satis
343 1767 496 1829 umquam
528 1766 623 1828 posse
653 1745 790 1829 laudari,
828 1746 917 1809 cuius
949 1764 1035 1807 nunc
1066 1743 1149 1808 mihi
1164 1769 1189 1810 ιι

98 1834 300 1898 esubeunde
323 1834 465 1898 defensio
490 1838 547 1898 est.
593 1830 711 1898 Omnes
735 1838 813 1920 ego,¹
829 1833 885 1916 qui
907 1855 1062 1918 magnum
1091 1833 1148 1896 ali-

134 1923 210 2005 quid
225 1923 531 2005 memorandumque
545 1923 698 2007 fecerunt,
720 1945 787 1988 non
800 1923 896 1987 modo
910 1923 1013 2006 venia,
1036 1944 1148 1986 verum

134 2013 230 2076 etiam
244 2012 338 2075 laude
352 2011 557 2096 dignissimos
571 2011 688 2096 iudico,
707 2013 734 2076 si
748 2011 1032 2095 immortalitatem,
1052 2033 1148 2094 quam

133 2121 285 2184 meruere,
310 2104 472 2165 sectantur
493 2100 675 2184 victurique
692 2101 832 2165 nominis
851 2102 971 2164 famem
990 2101 1147 2183 supremis

97 2205 115 2253 4
134 2190 230 2252 etiam
249 2189 352 2253 titulis
371 2210 545 2274 prorogare
563 2191 718 2254 nituntur.
748 2188 817 2255 Nec
835 2189 929 2254 facile
953 2210 1147 2272 quemquem
1162 2212 1188 2252 ao

133 2277 195 2341 nisi
225 2276 415 2362 Verginium
448 2279 590 2362 invenie,
623 2279 714 2345 cuius
746 2282 836 2342 tanta
868 2278 903 2342 in
934 2278 1147 2361 praedicando

97 2367 323 2431 cverecundia
346 2371 466 2450 quanta
487 2368 590 2452 gloria
613 2368 769 2432 exsecto
801 2365 876 2451 lpse
899 2390 969 2432 sum
988 2370 1052 2431 test
1038 2367 1079 2430 tis
1102 2367 1148 2430 fa-

134 2457 265 2520 miliarit
252 2461 301 2520 ter
332 2456 372 2520 ab
400 2478 437 2520 eo
469 2457 565 2521 dilect
551 2460 603 2520 tus
635 2457 853 2540 probatusque
886 2455 983 2520 semel
1016 2456 1147 2520 omnino

133 2569 185 2610 me
212 2545 360 2609 audiente
390 2549 521 2629 provect
521 2550 652 2629 um,ut
613 2546 719 2610 utde
747 2546 842 2610 rebus
866 2546 931 2610 suis
961 2544 1024 2609 hoc
1046 2567 1147 2608 unum

132 2635 321 2717 referret-it
296 2639 471 2698 rtasecum
495 2633 666 2717 aliquando
692 2633 841 2698 Cluvium
863 2636 1022 2698 locutum:
1055 2633 1148 2717 Seis,
1162 2658 1188 2698 ιι

133 2721 277 2808 Vergini,
292 2744 377 2824 quae
395 2722 461 2787 hist
447 2724 547 2787 toriae
565 2724 644 2787 fides
664 2724 823 2788 debeatur.
860 2723 1008 2806 Proinde,
1027 2722 1148 2806 siquid

133 2811 168 2874 in
185 2812 251 2875 hist
237 2811 328 2876 toriis
347 2812 427 2877 meis
444 2813 526 2898 legis
550 2810 608 2876 elit
594 2817 652 2896 ter,
675 2833 712 2877 ac
739 2814 846 2896 velles,
868 2835 959 2898 roge,
978 2811 1147 2898 ignoscas'.

133 2897 185 2963 Ad
213 2900 276 2964 hoc
303 2900 371 2965 ille·
405 2900 548 2965 ‘'Tune
539 2923 678 2986 rgnoras,
708 2900 810 2985 Cluvi,
842 2901 913 2965 ideo
944 2923 996 2965 me
1025 2901 1148 2989 fecisse,

134 2988 220 3070 quod
243 2989 314 3073 feci,
336 2994 373 3054 ut
396 2995 478 3054 esset
464 2989 638 3054 tliberum
661 2990 752 3056 vobis
768 2991 913 3092 scribere,
937 3012 1018 3074 quae
1031 2985 1147 3054 libuis-

98 3094 114 3142 6
135 3077 219 3141 eet?
265 3075 337 3163 Age
360 3078 445 3162 dum,
473 3079 591 3143 hunc
582 3102 689 3164 1psum
711 3079 821 3144 Front
798 3084 902 3144 tinum
925 3080 960 3143 in
982 3080 1075 3143 hoc
1066 3101 1148 3164 ipsc,
1162 3103 1188 3143 eo

134 3166 254 3248 inquo
282 3166 344 3230 tibi
365 3169 492 3250 parcior
520 3168 708 3233 videturt
676 3173 708 3233 et
730 3167 883 3253 pressior,
915 3189 1148 3251 comparemus.

133 3253 246 3324 Vetuit
270 3257 373 3320 extrui
396 3261 654 3341 monumentum,
682 3258 737 3322 sed
765 3259 881 3342 quibus
909 3257 1040 3322 verbis?
1086 3256 1149 3321 ‘In-

197 3454 275 3518 325sp
298 3448 404 3503 exstrui
418 3449 636 3503 moniment—
601 3449 711 3520 i—np.
731 3465 853 3503 monum.
874 3452 912 3504 K.
917 3451 942 3504 Ι.
974 3449 1090 3503 Monim.
1115 3450 1145 3503 iu

108 3522 200 3583 “Wil-
223 3521 264 3573 ed.
274 3522 341 3577 III
341 3526 366 3577 7
378 3527 469 3592 8etc„
496 3523 560 3580 VII
565 3526 654 3592 292
672 3522 751 3578 VIII
761 3526 804 3576 17
814 3525 845 3588 5,
859 3538 984 3574 monum
1000 3521 1079 3574 VHI
1085 3525 1146 3584 61

15 3646 21 3677 ἰ
89 3587 183 3638 Idem
182 3591 399 3653 IXrazea.
398 3615 492 3670 ,pan
500 3602 592 3669 9541
606 3595 780 3654 monimen
787 3595 813 3662 I,
823 3561 1163 3648 ιιιιιιιιιι.11ἱιιιιιιί
