2506 3862
126 216 191 281 124
560 214 588 270 C.
607 215 706 269 PLINI

91 383 233 446 aratum
261 383 295 444 et
320 379 449 445 firmum
478 383 534 444 est.
579 378 662 443 Mihi
691 384 799 445 autem
823 379 966 444 defuncti
988 380 1139 444 voluntas

127 466 265 555 (vereor,
303 490 400 553 quam
430 469 465 532 in
493 472 617 552 partem
647 469 730 543 ,iuris
760 470 913 552 consulti,
950 469 1037 552 quod
1067 491 1139 533 sum

129 558 286 641 dicturus,
318 554 491 645 accipiant)
516 558 678 641 antiquior
710 559 778 623 iure
806 562 868 641 ost,
899 559 1011 642 utique
1034 558 1069 622 in
1091 579 1139 641 eo,

90 666 106 713 3
127 648 215 731 quod
237 647 278 713 ad
296 669 500 713 communem
518 647 655 730 patriam
678 647 783 712 voluit
800 647 974 731 pervenire.
1006 645 1067 730 An,
1086 648 1139 712 cui

127 737 166 801 de
189 758 262 802 meo
286 737 467 802 sestertium
496 737 635 801 sedecies
659 737 795 820 contuli,
821 736 899 802 huic
926 736 1140 822 quadringen·
1166 763 1179 802 a

126 830 234 891 torum
262 826 388 890 milium
415 824 513 909 paulo
541 825 679 909 amplius
707 826 836 890 tertiam
865 830 990 909 partem
1020 848 1060 890 ex
1087 825 1141 890 ad-

127 915 268 981 venticio
292 914 468 1000 denegem?
492 911 567 979 Scio
591 919 623 979 te
647 935 774 999 quoque
797 937 816 978 a
838 914 958 979 iudicio
982 936 1054 978 meo
1072 935 1140 979 non

126 1004 311 1088 abhorrere,
344 1024 417 1068 cum
445 1003 578 1068 eandem
605 1025 673 1068 rem
701 1003 864 1087 publicam
894 1007 931 1067 ut
954 1004 1033 1068 civis
1057 1004 1139 1087 opti-

91 1112 198 1158 4mus
232 1092 356 1178 diligas.
410 1090 518 1157 Velim
551 1114 641 1178 ergo,
673 1113 746 1157 cum
774 1093 920 1176 proxime
952 1093 1140 1158 decuriones

127 1182 371 1264 contrahentur,
404 1181 482 1265 quid
505 1182 547 1247 sit
569 1182 662 1266 iuris,
693 1182 828 1265 indices,
857 1203 952 1266 parce
975 1186 1085 1246 tamen
1108 1185 1140 1246 et
1155 1209 1180 1250 ro

127 1271 284 1356 modeste3
321 1270 433 1334 deinde
470 1271 647 1356 subiungas
683 1293 743 1336 nos
780 1271 1014 1357 quadringenta
1050 1272 1140 1335 milia

128 1360 250 1443 offerre,
274 1360 357 1424 sicut
374 1361 573 1444 praeceperit
592 1357 791 1425 Saturninus.
822 1359 915 1425 Illius
933 1360 996 1425 hoc
1014 1383 1140 1443 munus,

128 1447 216 1512 illius
239 1449 429 1533 liberalitas3
458 1453 606 1514 nostrum
629 1452 755 1513 tantum
786 1450 976 1532 obsequium
999 1453 1093 1514 vocet
1134 1499 1140 1513 .

92 1536 217 1604 eHaec
248 1559 309 1624 ego
342 1537 480 1604 scribere
512 1538 640 1622 publice
673 1539 851 1622 supersedi,
881 1541 1022 1622 primum
1054 1538 1142 1622 quod

128 1627 336 1692 memineram
367 1648 426 1710 pro
458 1627 693 1692 necessitudine
720 1628 880 1692 amicitiae
908 1632 1050 1711 nostrae,
1080 1648 1139 1711 pro
1155 1654 1181 1694 a

127 1716 280 1781 facultate
307 1716 496 1800 prudentiae
528 1720 602 1781 tuae
634 1720 667 1780 et
697 1716 811 1781 debere
834 1721 867 1781 te
894 1720 927 1781 et
949 1738 1043 1800 posse
1071 1739 1141 1800 per·

127 1806 201 1870 inde
219 1807 299 1870 meis
323 1827 360 1871 ao
377 1805 442 1871 tuis
465 1806 612 1889 partibus
637 1805 740 1891 fungi,
763 1806 876 1870 deinde
900 1807 975 1888 quia
999 1806 1140 1889 verebar,

128 1916 169 1958 ne
192 1895 334 1978 modum,
357 1916 453 1977 quem
476 1895 537 1959 tibi
555 1895 591 1958 in
613 1917 759 1959 sermone
783 1894 943 1960 custodire
965 1895 1059 1960 facile
1083 1899 1141 1978 est,

94 2001 109 2047 e
129 1983 270 2047 tenuisse
294 1985 328 2048 in
351 1983 489 2067 epistula
512 2004 578 2047 non
600 1984 732 2048 viderer.
764 1983 850 2048 Nam
870 2005 1049 2048 sermonem
1072 1985 1141 2048 vul-

128 2076 191 2154 tus,
209 2076 328 2157 gestus,
351 2093 416 2136 vox
434 2072 504 2155 ipsa
522 2072 715 2155 moderatur,
738 2073 877 2156 epistula
890 2073 1040 2137 omnibus
1056 2095 1141 2138 com·
1155 2099 1181 2139 ao

129 2160 389 2225 mendationibus
404 2161 559 2225 destituta
576 2162 773 2247 malignitati
791 2163 1072 2246 interpretantium
1087 2185 1139 2225 ex-

129 2251 270 2333 ponitur.
315 2249 404 2314 Vale.

594 2379 678 2438 VIII.

255 2476 257 2483 ·
293 2479 322 2527 o.
344 2479 484 2533 ruinius
509 2480 642 2528 murino
668 2481 833 2529 eneruem
857 2481 922 2529 auo
947 2481 973 2529 s.

96 2587 110 2634 1
199 2569 329 2653 Suades,
351 2573 389 2633 ut
407 2569 575 2633 historiam
599 2571 746 2654 scribam,
769 2575 801 2635 et
819 2571 931 2634 suades
955 2592 1020 2635 non
1040 2571 1143 2657 solus,
1158 2599 1183 2639 a

131 2659 226 2723 multi
248 2659 311 2723 hoc
334 2681 385 2722 me
409 2680 502 2742 saepe
521 2663 723 2742 monuerunt,
746 2663 779 2723 et
798 2681 857 2745 ego
876 2661 960 2744 volo,
984 2682 1050 2724 non
1068 2662 1144 2744 quia

131 2748 298 2812 commode
316 2747 477 2812 facturum
497 2768 565 2812 esse
585 2748 744 2812 confidam
768 2746 817 2836 (id
835 2749 920 2813 enim
939 2753 1058 2813 temere
1078 2772 1142 2814 cre·

132 2837 187 2901 das
210 2836 274 2900 nisi
297 2834 476 2924 expertus),
500 2838 555 2901 sed
578 2839 654 2920 quia
676 2837 756 2902 mihi
779 2837 951 2921 pulchrum
974 2839 1009 2902 in
1031 2839 1143 2922 primis

131 2925 258 2990 videtur
280 2947 345 2989 non
368 2927 437 3009 pati
460 2925 616 3010 occidere,
647 2927 763 3009 quibus
787 2927 958 2992 aeternitas
983 2927 1143 3010 debeatur,

97 3034 112 3080 2
133 3014 335 3097 aliorumque
353 3015 472 3078 famam
492 3035 565 3079 oum
584 3037 641 3078 sua
660 3016 838 3080 extendere.
864 3015 916 3080 Me
935 3021 1042 3081 autem
1061 3016 1184 3085 nihilne

132 3126 233 3187 aeque
248 3125 285 3168 ac
299 3103 519 3168 diutmnitatis
542 3126 632 3168 amor
650 3109 682 3169 et
701 3105 817 3188 cupido
833 3104 995 3189 sollicitat,
1018 3129 1068 3170 res
1086 3107 1144 3170 ho-

132 3194 218 3257 mine
242 3192 444 3278 dignissima,
472 3213 509 3257 eo
533 3194 733 3278 praesertim,
762 3195 818 3277 qui
840 3195 961 3259 nullius
985 3196 1047 3260 sibi
1071 3217 1144 3261 con-

133 3283 217 3347 scius
250 3283 363 3366 eulpae
395 3283 594 3366 posteritatis
627 3283 813 3347 memoriam
853 3305 920 3348 non
950 3285 1144 3349 reformidet.

97 3370 245 3455 altaque
269 3371 380 3435 diebus
413 3394 450 3436 ac
472 3372 622 3436 noctibus
650 3373 772 3457 cogit0,
804 3373 831 3436 si
860 3372 945 3456 ‘qua
971 3396 1027 3437 me
1055 3395 1145 3458 quo-

157 3590 164 3600 ¹
183 3531 204 3574 5
219 3527 353 3580 sedecies
366 3529 441 3596 Ma,
456 3530 547 3599 ΚΠ,
567 3528 613 3585 his
628 3528 740 3586 edecies
755 3531 795 3599 D,
810 3529 857 3585 his
876 3531 1012 3584 adiiciam
1028 3548 1081 3599 pr,
1099 3547 1147 3584 sex

88 3584 193 3639 decies
210 3594 360 3650 adri'oiens
375 3617 402 3668 ς,
422 3602 583 3676 [εο]ἀεοίοε
602 3605 676 3661 ΚΙ.
756 3610 792 3661 34
815 3605 898 3676 Verp.
918 3602 1012 3658 (ΗΠ
1023 3606 1051 3654 8·
