2506 3862
147 217 211 281 150
580 217 608 273 G.
627 216 725 270 PLINI

145 380 323 444 avunculus
362 402 452 445 meus
494 379 724 445 secundissimo
760 380 905 444 invectus
943 377 1157 462 conplectitur

144 469 368 553 trepidantem,
393 471 584 552 consolatur,
606 468 769 552 hortatur,
792 474 891 553 utque
914 470 1064 532 timorem
1088 469 1156 532 eins
1212 492 1214 498 ·

145 581 203 623 sua
226 558 396 624 securitate
419 560 542 642 leniret,
566 558 682 623 deferri
704 559 739 622 in
761 558 925 623 balineum
944 558 1047 640 iubet3
1069 558 1156 621 lotus

144 647 287 732 accubat,
305 652 398 712 cenat
416 651 471 712 aut
489 648 600 712 hilaris
620 651 685 731 ant,
704 648 790 731 quod
808 651 857 711 est
875 669 975 730 aeque
994 668 1157 731 magnum,

92 751 126 800 13
145 737 260 801 similis
282 737 386 801 hilari.
418 735 552 801 Interim
576 760 593 801 e
616 736 758 801 Vesuvio
777 740 887 800 monte
909 736 1056 820 pluribus
1075 735 1156 799 locis
1185 761 1196 802 s

144 827 319 891 latissimae
338 826 484 890 flammae
503 827 631 910 altaque
645 826 792 890 incendia
810 824 1004 908 relucebant,
1020 846 1156 907 quorum

144 917 254 1000 fulgor
276 920 308 980 et
331 915 459 979 claritas
478 915 618 980 tenebris
636 915 741 979 noctis
761 913 967 978 excitabatur.
996 912 1055 978 llle
1069 935 1157 998 agre-

146 1004 245 1069 stium
268 1005 481 1088 trepidatione
503 1003 588 1090 ignis
607 1005 737 1068 relictos
761 1003 964 1086 desertasque
988 1004 1082 1067 villas
1101 1024 1158 1086 per

145 1093 352 1158 solitudinem
376 1094 485 1157 ardere
512 1094 548 1158 in
569 1093 745 1157 remedium
773 1093 954 1157 formidinis
979 1091 1156 1156 dictitabat.

146 1181 229 1246 Tum
248 1203 281 1246 se
297 1183 397 1266 quieti
410 1183 498 1246 dedit
517 1187 549 1247 et
563 1183 685 1266 quievit
702 1181 869 1246 verissimo
885 1180 1014 1264 quidem
1034 1202 1155 1244 somno.
1172 1205 1197 1245 ro

144 1268 230 1334 Nam
262 1275 386 1336 meatus
419 1274 556 1355 animae,
589 1271 644 1355 qui
672 1270 721 1334 illi
749 1275 882 1355 propter
912 1269 1157 1353 amplitudinem

146 1360 289 1443 eorporis
313 1361 441 1445 gravior
464 1365 496 1425 et
519 1361 685 1425 sonantior
707 1364 788 1438 erat,
818 1359 859 1424 ab
887 1359 940 1441 iis,
973 1358 1029 1442 qui
1051 1359 1157 1423 limini

93 1463 127 1512 14
147 1447 407 1533 obversabantur,
436 1449 632 1514 audiebatur.
679 1447 742 1513 Sed
771 1471 859 1528 area,
891 1470 930 1512 ex
959 1470 1021 1532 qua
1052 1447 1157 1512 diaeta

148 1537 310 1622 adibatur,
339 1538 385 1603 ita
408 1538 472 1602 iam
496 1539 599 1603 cinere
622 1538 796 1620 mixtisque
819 1537 1002 1621 pumicibus
1027 1538 1157 1621 oppleta

146 1631 335 1709 surrexerat,
358 1632 404 1710 nt,
427 1627 455 1691 si
477 1626 607 1712 longior
629 1627 663 1690 in
686 1627 835 1691 cubiculo
854 1648 953 1708 mora,
976 1627 1081 1690 exitus
1104 1649 1197 1691 ne-1s

145 1720 283 1801 garetur.
314 1715 484 1781 Excitatus
503 1715 649 1800 procedit
667 1737 764 1798 seque
786 1714 1008 1799 Pomponiano
1032 1716 1157 1780 ceteris-

93 1818 126 1868 15
146 1825 216 1889 que,
232 1806 287 1888 qui
301 1805 578 1890 pervigilaverant,
592 1805 704 1869 reddit.
728 1802 767 1868 ln
780 1826 949 1869 commune
964 1804 1157 1889 consultant,

145 1894 229 1958 intra
258 1897 343 1959 tecta
375 1895 553 1959 subsistant
584 1917 626 1958 an
657 1895 692 1957 in
719 1897 829 1977 aperto
861 1896 1026 1978 vagentur.
1071 1891 1156 1957 Nam

145 1983 264 2047 crebris
287 1983 450 2065 vastisque
479 1983 672 2047 tremoribus
702 1986 787 2048 tecta
819 1981 977 2046 nutabant
1004 1986 1036 2046 et
1065 1983 1158 2064 quasi

145 2074 252 2134 emota
275 2071 403 2135 sedibus
427 2071 493 2135 suis
516 2093 601 2136 nunc
624 2072 697 2156 hnc,
719 2092 805 2135 nunc
828 2071 907 2135 illuc
925 2071 1013 2136 abire
1036 2075 1092 2135 aut
1110 2093 1157 2135 re·
1172 2095 1198 2135 so

94 2174 126 2224 16
144 2159 221 2223 ferri
248 2159 445 2224 videbantur.
492 2157 559 2223 Sub
592 2161 645 2225 dio
674 2183 784 2224 rursus
813 2182 1007 2244 quamquam
1037 2161 1157 2223 levium

145 2269 377 2331 exesorumque
395 2250 561 2332 pumicum
585 2270 676 2313 casus
700 2249 916 2333 metuebatur3
941 2248 1026 2332 quod
1049 2253 1159 2313 tamen

144 2337 361 2421 periculorum
394 2338 523 2404 coHatio
557 2339 663 2424 elegit.
708 2338 757 2403 Et
784 2339 870 2422 apud
902 2338 994 2401 illurn
1028 2337 1158 2420 quidem

143 2427 227 2491 ratio
250 2427 420 2510 rationem,
444 2427 528 2511 apud
550 2429 631 2491 alios
654 2427 803 2491 timorem
831 2428 929 2491 timor
951 2426 1038 2490 vicit.
1085 2424 1157 2490 (ler-

143 2515 259 2580 vicalia
282 2517 442 2600 capitibus
465 2517 606 2600 inposita
628 2516 735 2580 linteis
766 2517 1005 2601 constringunt3
1033 2514 1066 2578 id
1089 2538 1158 2578 mu·
1172 2539 1198 2579 as

94 2619 126 2667 11
145 2605 325 2670 nimentum
344 2606 494 2670 adversus
513 2605 686 2670 incidentia
703 2605 774 2669 fuit.
806 2603 874 2669 lam
893 2605 960 2668 dies
979 2604 1066 2687 alibi,
1090 2605 1158 2668 illic

145 2715 211 2757 nox
230 2694 378 2759 omnibns
397 2695 546 2759 noctibus
565 2694 689 2780 nigrior
707 2693 910 2778 densiorque3
935 2715 1031 2775 quam
1049 2697 1159 2757 tamen

144 2781 230 2846 faces
245 2784 365 2847 multae
380 2785 531 2866 variaque
545 2783 668 2847 lumina
682 2783 876 2847 solabantur.
909 2781 1034 2846 Placuit
1049 2783 1158 2867 egredi

146 2871 180 2933 in
202 2871 279 2935 litus
303 2877 335 2937 et
358 2894 398 2936 ex
420 2872 567 2956 proximo
592 2873 746 2955 aspicere,
774 2872 888 2956 ecquid
911 2873 975 2935 iam
999 2894 1086 2935 mare
1105 2872 1157 2935 ad-

145 2960 302 3043 mitteret3
326 2961 413 3042 quod
435 2962 539 3025 adhuc
557 2966 684 3026 vastum
702 2965 736 3026 et
754 2961 922 3025 adversum
941 2960 1157 3044 permanebat.
1172 2984 1198 3024 eo

94 3062 126 3112 18
146 3046 196 3112 Ibi
211 3071 306 3132 super
319 3049 480 3114 abiectum
498 3052 634 3115 linteum
648 3051 803 3115 recubans
818 3051 917 3115 semel
931 3054 1027 3133 atque
1042 3050 1158 3114 iterum

144 3136 296 3222 frigidam
319 3140 468 3222 poposcit
489 3140 669 3223 hausitque.
698 3138 822 3203 Deinde
845 3138 993 3203 flammae
1015 3137 1158 3202 fiamma-

144 3248 281 3309 rumque
304 3229 514 3310 praenuntius
538 3230 617 3293 odor
640 3229 780 3312 sulpuris
804 3229 884 3293 alios
907 3229 942 3291 in
959 3228 1071 3313 fugam
1090 3249 1158 3291 ver-

217 3392 234 3438 4
253 3387 390 3453 cenatque
409 3386 459 3438 aut
480 3386 540 3440 Orto
555 3390 616 3453 303,
636 3389 717 3440 cenat
736 3387 822 3454 atque
837 3403 911 3454 pra.
1001 3390 1016 3437 5
1041 3385 1071 3437 in
1088 3383 1158 3437 loeis

136 3457 186 3516 Λζ
197 3457 246 3520 K,
260 3456 293 3507 in
307 3473 358 3510 om.
373 3458 483 3525 Dpra,
506 3457 566 3512 orto
581 3461 641 3511 303.
715 3461 730 3509 8
749 3456 824 3526 ignis
839 3455 974 3525 (relictas)
985 3473 1059 3524 pra,
1078 3455 1158 3524 ignes

119 3521 208 3584 MD)
228 3525 271 3576 K·
297 3527 354 3580 Ad
359 3545 394 3596 p.
409 3534 512 3585 1228.
590 3534 624 3584 17
642 3528 849 3602 pervigilarant
867 3529 972 3597 Dpra.
1042 3532 1076 3578 32
1094 3526 1158 3595 frig.

101 3597 216 3646 aquam
234 3595 328 3664 Mstr,
345 3597 421 3656 K]
