2506 3862
416 216 674 271 EPISTULARUM
691 215 730 269 IX
748 221 826 270 4-7.
1063 215 1128 280 225

115 403 237 467 panno,
260 404 403 464 pannum
426 385 549 463 amant,
572 383 617 463 et,
641 380 668 445 si
690 381 725 444 in
747 380 817 462 ipso
841 400 936 444 cursu
959 380 1145 462 medioque¹

115 473 288 536 certamine
306 471 360 534 hie
379 470 468 534 color
485 469 572 553 illuc,
590 470 645 532 ille
662 469 727 533 huc
744 468 963 552 transferatur,
986 469 1127 533 studium

114 562 269 644 favorque
292 559 457 642 transibit,
490 562 522 622 et
544 562 675 643 repente
703 558 876 643 agitatores
909 558 996 641 illos,
1029 579 1128 641 equos

115 651 198 733 illos,
222 671 302 732 quos
324 648 438 733 procul
456 648 626 731 noscitant,
649 669 786 731 quorum
805 646 971 711 clamitant
989 647 1129 730 nomina,

90 740 306 822 erelinquent.
338 735 441 801 Tanta
464 736 576 822 gretia,
599 740 689 801 tanta
708 736 881 800 auctoritas
905 736 939 798 in
957 758 1021 799 una
1043 736 1129 800 vilis-

117 829 198 892 sima
215 828 334 909 tunica,
352 827 447 890 mitto
466 824 552 909 apud
569 827 695 911 vulgus,
713 825 800 908 quod
818 825 914 889 villus
933 825 1051 907 tunica,
1075 825 1130 888 sed
1149 839 1164 889 3

116 916 202 1000 apud
226 916 381 999 quosdam
404 937 517 1001 graves
539 914 701 998 homines,
734 935 814 997 quos
843 936 902 1000 ego
932 935 1004 978 cum
1027 935 1131 978 recor-

118 1005 176 1069 dor
198 1005 233 1068 in
255 1027 288 1070 re
311 1005 409 1087 inani,
430 1004 548 1090 frigida
570 1003 762 1067 adsiduitate
789 1008 857 1067 tam
881 1002 1055 1067 insatiabili
1078 1003 1130 1067 de-

118 1094 233 1177 sidere,
256 1095 347 1177 capio
371 1095 512 1176 aliquam
535 1093 749 1176 voluptatem,
772 1093 859 1175 quod
881 1092 942 1156 hac
964 1093 1130 1175 voluptate

77 1209 104 1249 11
117 1205 184 1247 non
207 1184 323 1266 capior.
355 1180 404 1247 Ac
426 1205 484 1266 per
506 1182 566 1246 hos
585 1183 651 1247 dies
669 1181 882 1246 libentissime
902 1183 1004 1246 otium
1022 1203 1130 1245 meum
1149 1198 1166 1244 4

118 1274 153 1336 in
169 1273 286 1337 litteris
306 1273 449 1355 conloco,
468 1294 549 1354 quos
568 1272 624 1336 alii
643 1271 846 1335 otiosissimis
866 1271 1131 1354 occupationibus

117 1361 263 1446 perdunt.
310 1360 399 1425 Vale.

593 1489 661 1548 VII.

377 1590 737 1638 11111111111111
762 1590 827 1637 suo
852 1590 878 1637 1.

78 1707 104 1749 rs
185 1681 363 1747 Aedificare
381 1685 413 1745 te
433 1681 553 1745 scribis.
585 1680 673 1745 Bene
692 1684 753 1764 est,
776 1680 884 1744 inveni
902 1680 1132 1763 patrocinium,
1152 1695 1166 1743 1

118 1772 252 1836 aedifico
272 1772 356 1835 enirn
380 1772 444 1834 iam
467 1771 601 1853 ratione,
620 1771 695 1852 quia
718 1773 833 1833 tecum.
870 1767 955 1832 Nam
974 1768 1036 1832 hoc
1055 1789 1133 1850 quo-

119 1883 181 1945 que
204 1882 270 1925 non
293 1860 462 1942 dissimile,
495 1859 581 1941 quod
605 1858 644 1922 ad
667 1881 754 1922 mare
778 1862 827 1941 tu,
855 1879 915 1943 ego
939 1857 979 1921 ed
1001 1856 1132 1921 Larium

117 1951 233 2014 lacum.
278 1947 384 2012 Huius
408 1949 442 2011 in
464 1948 559 2012 litore
581 1947 690 2032 plures
719 1948 815 2011 villae
838 1969 941 2030 meae,
969 1946 1024 2011 sed
1052 1945 1167 2010 ducet

119 2040 258 2117 manime
277 2042 314 2102 ut
332 2039 492 2102 delectent
511 2037 557 2100 111
575 2040 731 2100 exercent.
763 2034 875 2100 Altera
893 2037 1034 2120 inposita
1048 2036 1132 2100 11111

79 2153 106 2194 ao
120 2150 209 2192 more
224 2127 346 2192 Baiano
360 2127 467 2190 lacum
480 2127 645 2210 prospicit,
668 2127 767 2190 altera
786 2147 885 2209 aeque
904 2147 992 2189 more
1010 2124 1132 2189 Baiano

118 2219 225 2282 lacum
248 2217 362 2302 tangit.
392 2214 505 2298 Itaque
529 2217 617 2279 illam
636 2215 843 2300 tragoediam,
866 2214 949 2279 hanc
972 2215 1133 2298 appellare
1152 2231 1168 2278 3

120 2306 319 2371 comoediam
344 2306 445 2387 selec,
473 2305 576 2386 illam,
604 2304 690 2386 quod
714 2304 805 2386 quasi
829 2305 1009 2387 cothurnis,
1040 2303 1133 2387 hanc,

120 2396 207 2478 quod
230 2395 322 2477 quasi
346 2394 481 2459 socculis
501 2395 684 2457 sustinetur.
716 2391 781 2457 Sua
800 2393 1134 2476 utriqueamoenitas,

121 2488 153 2547 et
176 2489 311 2566 utraque
333 2482 511 2568 possidenti
533 2483 603 2567 ipsa
627 2482 810 2546 diversitate
832 2481 1009 2545 iucundior.
1045 2478 1134 2544 Haec
1152 2498 1169 2544 4

80 2596 107 2638 11
120 2573 193 2635 lacu
215 2573 357 2656 propius,
380 2573 435 2635 illa
453 2572 550 2636 latius
569 2573 684 2654 utitur,
701 2571 781 2635 haec
798 2594 899 2634 unum
919 2571 1024 2634 sinum
1043 2570 1135 2633 molli

122 2662 305 2726 curvamine
324 2661 538 2745 amplectitur,
561 2661 617 2724 illa
641 2661 818 2724 editissimo
838 2659 932 2723 dorso
957 2659 1036 2722 duos
1060 2658 1134 2723 diri-

121 2750 194 2832 mit,
218 2751 285 2813 illic
307 2753 394 2814 recta
417 2751 554 2835 gestatio
573 2751 672 2834 longo
690 2750 794 2813 limite
814 2769 909 2832 super
929 2749 1008 2811 litus
1027 2751 1134 2812 exten·

122 2840 222 2922 ditur,
253 2839 307 2902 hic
337 2839 569 2922 spatiosissimo
600 2842 695 2922 xysto
717 2838 834 2902 leniter
860 2836 1047 2921 inflectitur;
1079 2837 1136 2900 illa

121 2930 238 2993 fluctus
262 2950 328 2991 non
351 2929 461 3010 sentit,
490 2927 570 2991 haec
591 2927 725 3012 frangit,
759 2949 798 2990 ex
820 2927 876 2989 illa
904 2926 1009 3010 possis
1033 2925 1136 3009 despi-

81 3043 108 3084 ac
123 3040 193 3082 cere
216 3018 391 3101 piscantes,
423 3039 462 3080 11
483 3015 545 3080 hac
567 3017 635 3099 ipse
658 3015 775 3098 piscari
801 3014 997 3098 hamumque
1021 3014 1059 3079 de
1083 3036 1134 3079 cu-

122 3107 230 3172 biculo
253 3128 291 3170 ac
313 3128 414 3191 paene
438 3105 535 3170 etiam
554 3104 592 3168 de
614 3105 733 3168 lectulo
757 3108 794 3167 ut
817 3126 834 3168 e
856 3103 1004 3169 navicula
1024 3105 1135 3168 iacere.

122 3194 193 3260 Hae
216 3196 296 3260 mihi
320 3217 433 3260 causae
456 3194 598 3277 utrique,
625 3216 706 3277 quae
730 3193 858 3277 desunt,
885 3193 1070 3258 adstruendi
1093 3192 1134 3256 ob

196 3394 212 3442 8
227 3388 393 3442 assiduitate
406 3391 466 3441 tam
481 3386 639 3441 insatiabili
649 3388 748 3442 Madv.
763 3387 824 3441 ado.
835 3387 892 3441 III
895 3390 1001 3454 21584,
1017 3383 1136 3438 adsidua

124 3461 183 3512 tam
201 3459 402 3515 insatiabiliter
420 3461 507 3526 codd,
526 3460 586 3515 edd.
605 3458 732 3532 <assidue
751 3459 904 3526 Seleuciam.
986 3459 1029 3503 ‘R
1041 3453 1160 3499 Xffi'ffi

122 3531 257 3595 Momm,
272 3532 360 3598 ΚΠ,
379 3531 483 3588 leviter
502 3535 579 3607 culp.
671 3538 709 3588 ‘lt
739 3517 1130 3601 1111111111ὶῖᾹῖῗῆ
1149 3514 1188 3554 ’11

104 3603 247 3664 111211.
323 3608 357 3657 31
377 3605 519 3663 navicula
539 3609 582 3665 ad
598 3612 690 3681 1177.
702 3610 752 3664 20.

157 3695 233 3760 Pam
244 3700 403 3747 Eranam.
1016 3670 1063 3719 ᾖ
