2506 3862
455 213 713 268 EPISTULARUM
731 213 770 268 VI
788 220 831 269 31.
1086 213 1149 278 165

138 399 198 463 ego
221 377 406 461 relinquor’.
443 377 528 441 Dein
550 398 721 441 conversus
745 377 785 440 ad
808 399 881 441 nos:
914 375 1149 460 ‘’Eacocqocre,
1170 393 1202 441 12

138 466 216 550 quid
243 467 356 532 facere.
376 466 561 550 debeamus3
588 466 643 531 isti
671 467 756 530 enim
780 467 890 549 quaeri
912 466 1037 548 nolunt,
1065 467 1151 549 quod

138 556 200 620 sibi
223 577 289 621 non
311 555 439 621 licuerit
461 555 632 622 accusare'.
675 555 757 620 Tum
781 576 820 619 ex
844 555 971 619 consilii
994 556 1151 619 sententia

90 681 97 703 ι
137 645 232 710 iussit
259 645 441 709 denuntiari
467 644 638 709 heredibus
666 645 825 728 omnibus,
852 649 908 709 aut
935 647 1065 730 agerent
1096 648 1152 708 aut

112 735 259 818 esinguli
282 735 497 818 adprobarent
519 755 630 798 causas
653 755 719 798 non
741 733 871 821 agendi3
894 734 1016 816 alioqui
1039 755 1072 797 se
1100 735 1152 797 vel

139 823 177 888 de
200 824 361 889 calumnia
375 824 676 907 pronuntiaturum.

205 910 313 995 Vides,
337 935 432 996 quam
454 912 591 995 honesti,
611 934 707 996 quam
727 913 828 976 severi
843 912 923 995 dies3
942 933 1023 995 quos
1042 911 1152 976 iucun-
1172 926 1204 974 13

139 1000 288 1066 dissimae
319 1001 522 1066 remissiones
555 1002 777 1084 sequebantur.
827 999 1070 1065 Adhibebamur
1101 1021 1152 1064 co*

139 1090 216 1154 tidie
235 1111 344 1174 oenae3
363 1094 431 1154 erat
449 1091 585 1173 modica,
604 1091 631 1154 si
649 1091 828 1175 principem
848 1090 1015 1176 cogitares.
1053 1087 1153 1153 Inter-

101 1179 216 1245 ndum
249 1183 430 1244 acroamata
462 1179 684 1262 audiebamus,
718 1178 879 1244 interdum
913 1178 1153 1244 iucundissimis

140 1268 339 1333 sermonibus
371 1290 436 1332 nox
468 1267 652 1334 ducebatur.
703 1266 836 1332 Summo
873 1269 924 1333 die
960 1268 1151 1332 abeuntibus
1172 1282 1205 1330 14

138 1358 232 1422 nobis
257 1354 338 1443 (tam
362 1357 499 1442 diligens
522 1358 557 1421 in
581 1356 714 1421 Caesare
736 1356 933 1440 humanitas)
956 1357 1051 1422 xenia
1078 1360 1153 1420 sunt

139 1447 245 1512 missa.
300 1444 363 1510 Sed
394 1446 475 1510 mihi
507 1450 543 1510 ut
576 1447 716 1531 gravitas
753 1447 990 1531 cognitionum,
1026 1445 1154 1510 consilii

139 1537 252 1619 honor,
276 1536 416 1600 suavitas
440 1535 692 1619 simplicitasque
716 1535 880 1600 convictus
904 1536 951 1599 ita
972 1537 1062 1600 locus
1084 1535 1153 1618 ipse

101 1651 125 1691 11
140 1624 355 1709 periucundus
378 1625 450 1688 fuit.
491 1623 580 1688 Villa
602 1624 819 1708 pulcherrima
842 1624 983 1710 cingitur
1000 1623 1153 1687 viridissi-
1173 1637 1206 1687 15

139 1714 201 1777 mis
219 1714 314 1799 agris,
330 1715 478 1778 imminet
495 1713 597 1797 litori3
616 1714 708 1778 cuius
726 1713 761 1777 in
780 1713 853 1777 sinu
866 1714 904 1776 fit
923 1735 996 1778 cum
1015 1713 1153 1775 maxime

140 1806 261 1886 portus.
307 1802 413 1867 Huius
444 1802 610 1866 sinistrum
640 1802 808 1867 brachium
840 1802 1024 1867 firmissimo
1059 1823 1154 1884 opere

141 1891 301 1955 munitum
325 1895 382 1976 est,
406 1892 554 1956 dextrum
583 1890 773 1955 elaboratur.
819 1889 855 1955 In
885 1913 938 1955 ore
966 1894 1078 1975 portus
1107 1890 1207 1953 111-11

142 1979 212 2044 sula
230 1980 384 2065 adsurgit,
399 2003 480 2064 quae
498 1981 635 2045 inlatum
649 1985 745 2045 vento
760 2003 847 2045 mare
863 1980 1012 2044 obiacens
1026 1978 1155 2063 frangat

101 2095 127 2134 11
141 2072 312 2153 tutumque
331 2069 371 2133 ab
389 2073 527 2153 utroque
545 2070 644 2134 latere
663 2070 831 2134 decursum
850 2069 986 2134 navibus
1005 2071 1155 2154 praestet,

142 2158 287 2243 adsurgit
314 2162 421 2222 autem
453 2163 520 2223 arte
548 2159 695 2243 visenda,
722 2159 866 2244 ingentia
895 2181 972 2222 saxa
998 2158 1155 2223 latissima

141 2248 231 2312 navis
264 2247 426 2332 provehit;
457 2252 568 2312 contra
599 2248 678 2312 haec
715 2249 778 2312 1111
809 2270 905 2331 super
934 2248 997 2311 alia
1034 2246 1155 2310 deiecta

141 2337 211 2421 ipso
235 2337 376 2421 pondere
398 2340 529 2401 manent
552 2358 589 2401 ac
612 2338 730 2402 sensim
754 2337 893 2421 quodam
921 2332 1010 2401 velut
1039 2355 1155 2421 aggere

143 2429 381 2490 construuntur.
419 2424 551 2490 Eminet
573 2427 637 2490 iam
661 2432 693 2492 et
718 2430 850 2511 apparet
873 2448 1003 2490 saxeum
1024 2425 1154 2488 dorsum
1174 2438 1207 2487 17

103 2540 128 2580 25
143 2514 352 2598 inpactosque
371 2515 488 2579 fluctus
507 2515 541 2580 in
559 2515 740 2581 inmensum
760 2514 850 2579 elidit
865 2519 897 2579 et
910 2513 1005 2579 tollit.
1034 2511 1153 2576 Vastus

47 2657 54 2669 .
142 2603 210 2667 illic
231 2603 342 2690 fragor
364 2626 543 2687 canumque
567 2605 651 2670 circa
673 2627 768 2669 mare.
815 2602 907 2668 Saxis
931 2602 1044 2667 deinde
1070 2601 1154 2685 pilae

142 2692 327 2776 adicientur,
356 2715 437 2776 quae
464 2693 655 2777 procedente
681 2698 826 2778 tempore
858 2693 992 2757 enatam
1016 2691 1154 2754 insulam

143 2781 317 2846 imitentur.
363 2780 506 2846 Habebit
537 2783 591 2847 hic
622 2787 734 2867 portus
764 2786 796 2847 et
824 2783 888 2847 iam
915 2782 1013 2846 habet
1035 2802 1153 2845 nomen

143 2871 283 2935 auctoris
307 2871 430 2954 eritque
453 2872 504 2935 vel
527 2873 665 2937 maxime
690 2871 847 2936 salutaris.
892 2869 977 2935 Nam
1001 2893 1059 2954 per
1085 2869 1153 2933 lon-

102 2986 128 3025 11
142 2959 311 3045 gissimum
339 2960 479 3044 spatium
506 2961 584 3024 litus
612 2962 835 3046 inportuosum
862 2960 925 3024 hoc
951 2957 1153 3043 receptaculo

142 3053 259 3113 utetur
305 3047 394 3113 Vale.

216 3230 229 3278 1
255 3223 356 3278 deinde
375 3226 463 3293 Dpr;
486 3225 524 3279 ad
538 3229 674 3292 p.155..6
792 3231 807 3278 2
833 3225 929 3294 quaeri
950 3223 1051 3277 nolunt
1069 3222 1155 3288 ΚΠ,

143 3297 213 3420 qicqq
213 3297 272 3437 gffe
268 3313 297 3420 1⁸)
305 3300 396 3426 ἓξὲξ,
387 3295 512 3364 ,quaeri
530 3295 628 3350 volunt
648 3298 690 3363 M,
710 3295 789 3364 queri
807 3297 905 3351 volunt
923 3298 1032 3366 Dpro,
1052 3296 1089 3348 K.
1094 3295 1119 3346 I.
