2506 3862
443 696 721 770 1111111111.

114 906 117 910 ’
144 895 188 954 Β1
203 895 284 954 Plini
302 894 452 953 codicibus
471 913 530 953 non
545 897 589 953 est
604 895 682 970 quod
699 913 752 954 nos
765 897 833 970 post
846 895 936 954 Henr.
952 894 1084 953 Keilinm

77 985 213 1061 pluribus
237 984 430 1060 disputemus.
472 983 592 1059 Triplex
615 1002 677 1042 esse
700 1002 793 1060 genus
816 983 959 1042 librorum
982 983 1084 1043 docuit

75 1075 128 1139 ille
150 1075 181 1131 11
202 1075 235 1131 in
258 1073 386 1131 editione
409 1075 522 1131 minore
546 1074 717 1148 stereotypa
739 1074 870 1148 primum
896 1092 972 1131 anno
998 1073 1082 1132 1853

76 1162 210 1239 vulgata,
232 1165 337 1238 postea
360 1164 478 1237 saepius
500 1161 628 1237 repetita
652 1164 682 1220 11
704 1163 736 1219 in
759 1163 870 1220 maiore
894 1163 965 1220 anni
990 1162 1083 1235 1870,

76 1271 170 1310 unum
202 1269 308 1310 novem
336 1250 427 1310 libros
458 1249 636 1309 membranis
667 1250 783 1326 aliquot
810 1269 881 1310 casu
912 1252 1084 1326 interceptis

76 1340 283 1416 complectens,
300 1340 429 1401 alterurn
447 1334 564 1399 ‘octavo
584 1339 660 1398 libro
680 1341 796 1415 omisso,
811 1359 888 1400 nono
906 1358 960 1415 pro
979 1342 1083 1399 octavo

76 1431 175 1504 posito
199 1432 265 1488 octo
288 1423 391 1488 libros'
415 1431 576 1502 continens,
598 1430 722 1487 tertium
741 1431 858 1487 centnm
878 1430 1084 1504 epistularum,

76 1518 197 1576 I-—Vss
222 1520 340 1593 praeter
354 1517 397 1575 IV
412 1520 462 1576 27.
502 1512 671 1595 ‘Integrnm
692 1536 798 1576 novem
818 1517 961 1576 librorum
982 1536 1084 1576 nume·

76 1627 143 1664 rum
165 1626 243 1665 unus
272 1608 403 1665 omniurn
429 1606 572 1666 librorum
599 1608 891 1681 manuscriptorum
917 1609 999 1664 tenet
1022 1606 1083 1665 cod.

76 1695 258 1754 Mediceus
281 1695 329 1755 vel
346 1695 564 1754 Laurentianus
585 1694 681 1770 plutei
694 1693 775 1751 XLV
790 1687 858 1769 36⁹,
876 1697 1035 1753 tenuerunt
1052 1696 1084 1767 ii,

78 1785 238 1860 exquibus
258 1784 401 1843 editiones
419 1785 578 1843 Romana
602 1803 626 1841 a.
649 1784 733 1842 1474
753 1786 783 1841 11
800 1783 932 1841 Aldina
952 1801 977 1841 a.
999 1783 1083 1842 1508

77 1876 233 1949 promptae
247 1875 325 1932 sunt.
353 1871 427 1932 Octo
441 1873 541 1948 libros,
555 1872 674 1930 I-VII
688 1874 718 1930 et
731 1872 782 1947 IX,
801 1873 933 1932 continet
947 1866 1084 1950 ‘magnus

77 1980 217 2020 numerus
245 1961 379 2020 codicum
403 1963 507 2038 quinto
533 1961 646 2031 decimo
674 1962 790 2020 saeculo
819 1955 1022 2037 scriptornm'‚
1050 1981 1084 2018 ex

78 2069 136 2126 quo
151 2070 273 2109 numero
286 2071 378 2109 unum
392 2052 587 2126 potissimum,
598 2045 834 2111 Drasdensem
848 2050 875 2107 D
888 2052 959 2125 166,
969 2049 1083 2109 Keilius

77 2139 223 2214 adhibuit,
238 2143 267 2199 et
281 2139 325 2197 ed.
344 2142 510 2215 princeps
530 2158 555 2198 a.
573 2140 666 2199 1471.
697 2138 791 2197 Tertii
807 2133 933 2216 ‘generis
949 2139 1083 2198 codicum

77 2249 170 2287 unum
192 2231 298 2287 testem
321 2247 400 2287 nunc
421 2228 562 2287 habemus
586 2229 715 2287 codicem
737 2227 988 2287 Florentinum
1013 2228 1085 2286 olim

76 2317 273 2376 bibliothecae
294 2317 323 2374 S.
337 2317 431 2376 Marci
447 2310 535 2392 284⁹,
554 2335 633 2375 nunc
651 2317 879 2389 Laurentianae,
899 2317 1084 2375 simillimum
1198 2342 1202 2351 =

78 2407 117 2480 ei,
151 2426 209 2482 quo
236 2406 331 2464 Aldus
358 2425 429 2465 usus
458 2409 510 2466 111.
560 2405 713 2464 Accedunt
740 2405 854 2464 codices
881 2405 1084 2464 Vaticanus
1206 2434 1209 2440 ·

76 2496 178 2571 3864,
201 2497 233 2553 in
257 2513 316 2571 qno
340 2498 410 2554 111111
430 2495 474 2552 Ν
495 2497 586 2570 primi
608 2493 691 2569 libri,
719 2496 803 2553 cuius
826 2488 992 2569 ‘scriptura
1015 2512 1082 2551 cum

77 2583 209 2643 Mediceo
224 2583 322 2646 codice
340 2585 404 2641 tam
420 2587 557 2643 accurate
576 2585 730 2656 consentit,
744 2586 780 2640 ut
797 2584 955 2658 utrumque
973 2582 1083 2640 librum

76 2691 114 2732 ox
131 2692 192 2731 uno
211 2673 372 2748 exemplari
390 2673 569 2748 descriptum
588 2690 649 2731 esse
667 2673 755 2748 plane
774 2666 942 2747 appareat',
957 2674 987 2730 et
1005 2671 1084 2729 Ric-

77 2760 285 2835 cardianus,
303 2781 381 2821 nnnc
398 2761 697 2821 Asbburnhamiensis
717 2755 883 2818 ‘Marciano
908 2762 1006 2819 aetate
1024 2761 1085 2816 fere

78 2845 154 2926 par’,
172 2853 325 2910 continens
340 2845 481 2927 ‘quatuor
497 2850 588 2910 libros
604 2850 763 2926 completos
778 2851 809 2908 et
824 2850 944 2907 initium
963 2842 1083 2924 quinti'.

145 2939 210 2999 Hoc
229 2943 378 3015 apparatu
395 2939 510 2998 Keilius
528 2940 572 2997 ita
591 2957 661 2998 usus
681 2941 734 3012 111,
752 2940 787 2996 ut
805 2939 969 3014 principem
987 2937 1085 2995 locum

77 3028 164 3086 deret
177 3027 307 3087 Mediceo
323 3031 352 3087 11
364 3029 519 3087 Vaticano.
542 3027 585 3085 At
597 3027 633 3085 A.
649 3027 734 3087 Otto
748 3029 780 3085 in
794 3026 905 3085 Herma
918 3025 988 3084 XXI
1000 3027 1083 3084 1886

77 3118 256 3193 11287111.
280 3120 416 3176 accurate
435 3117 648 3176 demonstravit
670 3116 754 3176 foede
779 3118 931 3191 corruptos
955 3133 1016 3173 esse
1036 3114 1084 3173 vel

77 3206 268 3283 neglegentia
295 3207 342 3265 vel
369 3207 488 3264 inscitia
515 3205 705 3266 librariorum
732 3223 831 3264 omnes
855 3203 935 3261 Plini
962 3203 1085 3275 codices

77 3294 209 3353 Mediceo
237 3313 296 3353 non
314 3297 434 3354 tantum
456 3294 621 3353 socordiam
644 3294 756 3353 scribae
781 3294 914 3352 nocuisse
940 3294 1084 3368 quantum

77 3383 233 3442 libidinem
258 3386 330 3459 eius,
358 3385 411 3459 qni
439 3385 576 3459 quamvis
601 3383 678 3441 bono
705 3383 786 3441 fonte
813 3399 893 3456 usus,
921 3399 995 3456 quae
1024 3382 1085 3453 ipsi

76 3471 278 3548 displicerent,
302 3472 477 3550 corrigenda
499 3475 628 3547 putaret.
944 3471 946 3475 ’

925 3565 961 3618 Q*
