2506 3862
139 232 203 295 eoa
575 226 603 281 0-
622 227 750 281 1³111N1w
811 274 814 279 ·
859 246 862 257 ·>
953 198 964 217 '

136 417 256 475 sumus,
279 398 315 458 ut
338 416 440 477 nuper
454 395 537 478 post
560 391 766 475 adoptionem
788 412 855 455 non
873 392 1002 457 desierit
1024 391 1152 473 seditio,

136 484 192 548 sed
203 483 373 567 coeperit?
396 480 749 545 inritamentumsistud
765 480 886 544 irarum
908 485 940 545 et
958 481 1012 544 fax
1030 481 1151 545 tumul-

102 575 189 637 ttus
218 572 347 654 fuisset,
376 571 439 635 nisi
468 570 633 634 incidisset
661 570 759 634 inte.
799 569 853 634 An
876 569 1010 634 dubium
1032 573 1090 652 cst,
1112 573 1152 634 ut

137 662 211 725 dare
248 664 358 745 posset
398 659 568 744 imperium
609 658 802 742 imperator,
843 657 899 742 qui
938 659 1152 723 reverentiam

136 751 294 833 amiserat,
318 750 509 814 auctoritate
528 748 596 811 eius
615 749 774 830 effectum,
796 749 848 812 cui
866 748 1022 812 dabatur?
1046 745 1152 811 Simul
1180 779 1192 817 5

135 841 235 922 filius,
264 840 361 904 simul
385 836 512 918 Caesar,
544 859 621 901 mox
644 839 818 921 imperator
841 841 873 901 et
896 858 1027 901 consors
1049 836 1152 900 tribu-

135 929 238 993 niciae
253 928 423 1012 potestatis
438 931 470 991 et
485 927 593 991 omnia
606 927 727 1010 pariter
736 930 769 990 et
782 928 892 990 statim
902 927 1006 991 factus
1016 948 1153 1010 eaquae

136 1019 281 1101 proxime
294 1039 409 1101 parens
424 1038 517 1080 verus
532 1020 658 1080 tantum
676 1016 712 1080 in
730 1017 866 1079 alterum
884 1016 988 1079 filium
1003 1016 1152 1081 contulit.

100 1105 122 1170 9
204 1106 357 1192 Magnum
376 1104 439 1170 hoc
457 1109 531 1169 tuae
550 1105 779 1169 moderationis
798 1105 962 1187 indicium,
985 1104 1071 1186 quod
1085 1126 1154 1168 non

138 1197 243 1259 solum
267 1214 431 1258 successor
448 1195 584 1278 imperii,
608 1194 663 1258 sed
685 1193 846 1277 particeps
865 1195 961 1259 etiam
981 1194 1153 1277 sociusque
1169 1224 1195 1262 ro

136 1284 295 1368 placuisti.
331 1282 417 1348 Nam
441 1305 613 1366 successor,
636 1283 762 1347 etiamsi
775 1283 878 1366 nolis,
904 1282 1070 1347 habendus
1094 1287 1153 1366 est,

102 1394 203 1439 anon
222 1377 270 1436 est
288 1372 453 1436 habendus
473 1373 591 1454 socius,
615 1373 678 1436 nisi
696 1372 783 1436 velis.
831 1370 1008 1436 Credentne
1030 1375 1153 1455 posteri

137 1461 272 1546 patricio
297 1466 329 1525 et
352 1462 512 1527 consulari
534 1465 566 1525 et
583 1460 774 1544 triumphali
788 1465 882 1545 :patre
901 1461 1055 1546 genitum,
1078 1482 1154 1525 cum

136 1551 365 1633 fortissimum,
397 1551 646 1634 amplissimum,
678 1551 934 1614 amantissimum
963 1552 1013 1614 sui
1035 1551 1155 1614 exerci-

137 1645 207 1704 tum
239 1644 375 1725 regeret,
408 1641 634 1723 imperatorem
666 1660 731 1703 non
763 1639 803 1702 ab
837 1640 978 1703 exercitu
1008 1640 1153 1704 factum?
1169 1669 1194 1708 rs

138 1730 255 1812 eidem,
286 1749 358 1793 oum
384 1727 571 1793 Germaniae
594 1728 801 1812 praesideret,
830 1727 1012 1793 Germanici
1034 1750 1155 1793 nornen

137 1819 214 1883 hinc
238 1817 394 1886 missum?
439 1818 522 1882 nihil
544 1819 664 1901 ipsum,
694 1821 730 1880 ut
753 1817 928 1901 imperator
950 1818 1054 1899 fieret,
1087 1819 1153 1903 agi-

104 1925 119 1973 3
137 1912 236 1992 tasse,
257 1907 341 1971 nihil
362 1907 487 1989 fecisse,
508 1907 571 1971 nisi
594 1906 681 1989 quod
704 1908 821 1971 meruit
844 1911 875 1970 et
898 1907 1027 1990 paruit?
1055 1905 1154 1971 Paru-

140 1997 194 2059 isti
227 1996 327 2078 enim,
360 1994 487 2079 Caesar,
520 2000 551 2060 et
579 1996 620 2058 ad
651 1996 865 2078 principatum
898 1996 1050 2079 obsequio
1083 2018 1154 2080 per-

139 2085 265 2167 venisti,
283 2085 429 2168 nihilque
453 2087 555 2169 magis
578 2107 597 2147 a
619 2089 652 2148 te
671 2084 806 2149 subiecti
824 2086 932 2148 animo
954 2086 1076 2149 factum
1095 2089 1154 2168 cst,
1169 2115 1196 2152 ao

141 2195 237 2257 quam
261 2174 348 2256 quod
370 2174 527 2257 imperare
554 2174 687 2256 coepisti
715 2174 779 2236 iam
809 2171 936 2257 Caesar,
964 2175 1028 2237 iam
1054 2175 1154 2258 impe-

139 2266 236 2346 rator,
254 2263 318 2326 iem
338 2261 554 2345 Germanicus,
572 2263 686 2326 absens
708 2266 742 2326 et
762 2262 892 2348 ignarus
916 2267 948 2327 et
970 2267 1043 2346 post
1063 2267 1155 2327 tante

104 2353 285 2434 momina,
313 2355 469 2434 quantum
497 2352 538 2415 ed
563 2355 597 2415 te
619 2352 771 2434 pertinet,
801 2353 953 2434 privatus.
999 2352 1154 2438 Magnum

141 2441 311 2524 videretur,
322 2442 349 2504 si
362 2441 513 2504 dicerem:
533 2440 685 2505 ‘Nescisti
696 2444 728 2504 te
742 2442 969 2523 imperatorem
982 2441 1155 2525 futurum’3

141 2553 211 2594 eras
238 2532 413 2612 imperator
441 2534 473 2594 et
501 2551 569 2594 csse
597 2533 629 2593 te
656 2529 830 2593 nesciebas.
876 2528 922 2594 Ut
949 2553 1024 2594 vero
1054 2530 1094 2594 ad
1121 2535 1154 2595 te
1169 2559 1196 2599 as

140 2621 288 2683 fortunae
311 2623 384 2683 tuae
407 2619 538 2683 nuntius
558 2619 655 2700 venit,
678 2619 818 2682 malebas
839 2619 967 2701 quidem
990 2619 1053 2683 hoc
1077 2642 1156 2702 esse,

143 2709 228 2791 quod
250 2709 365 2791 fueras,
389 2709 532 2772 sednon
555 2712 623 2771 erat
645 2707 790 2771 liberum.
836 2706 889 2771 An
911 2730 977 2772 non
1001 2709 1155 2793 obseque-

142 2798 221 2860 reris
253 2797 391 2880 principi
425 2798 512 2880 civis,
544 2798 669 2882 legatus
702 2797 898 2880 imperatori,
929 2798 1016 2861 filius
1048 2800 1155 2881 patri?

108 2883 209 2950 eUti
233 2884 345 2949 deinde
373 2886 556 2968 disciplina,
586 2887 643 2950 ubi
671 2907 741 2949 mos
764 2909 783 2949 a
806 2886 981 2951 maioribus
1009 2887 1156 2971 traditus,

144 2973 367 3057 quodcumque
390 2976 564 3057 imperator
583 2997 699 3038 munus
718 2975 907 3060 iniungeret,
926 2998 1027 3059 aequo
1047 2977 1155 3041 animo
1170 3005 1197 3044 ao

143 3065 319 3145 paratoque
343 3063 521 3127 subeundi?
559 3062 642 3139 Quid
661 3064 756 3146 enim,
776 3065 801 3127 si
823 3065 1006 3147 provincias
1025 3088 1065 3129 ex
1083 3088 1156 3149 pro-

144 3152 271 3233 vinciis,
298 3173 338 3214 ex
365 3152 458 3216 bellis
486 3152 571 3216 bella
599 3153 785 3216 mandaret?
821 3153 945 3217 llodem
972 3152 1029 3218 illo
1058 3155 1082 3238 Τ
1107 3156 1160 3218 uti

216 3332 231 3380 9
250 3325 386 3380 iudicium
401 3328 502 3382 Baehr.
582 3333 616 3382 20
635 3328 755 3382 subiecti
769 3328 862 3382 animo
873 3330 970 3397 pleriq.
985 3331 1071 3396 codd,
1086 3330 1156 3396 K.I,

146 3398 266 3452 subiecti
279 3397 367 3451 animi
382 3398 489 3464 Oetam,
504 3400 541 3453 K.
547 3400 590 3465 ΙΙ,
605 3399 730 3453 subiecto
745 3399 838 3452 animo
852 3400 947 3454 detera
957 3401 1044 3466 codd„
1054 3402 1156 3456 Baetr.

131 3474 171 3520 32
184 3468 270 3522 illum
291 3470 336 3523 uti
351 3471 496 3540 Ducbner,
511 3471 550 3528 K.
556 3471 582 3539 I,
600 3469 683 3525 illum
699 3470 745 3524 uti
760 3469 821 3523 iure
839 3487 921 3538 posse
934 3472 1017 3540 putes
1034 3472 1157 3542 Oropia„

115 3535 170 3590 1110
186 3541 234 3594 πᾶ
242 3539 311 3598 iure
325 3561 416 3614 posse
435 3547 525 3619 putes
543 3545 656 3613 cama,
674 3543 799 3614 adparet
815 3541 917 3596 eodem
924 3541 978 3593 'illo
989 3542 1053 3593 usi.
1064 3544 1164 3608 naues

100 3604 205 3664 Ber-m.
225 3612 278 3667 VI
281 3621 336 3685 26,
369 3619 469 3678 claret
495 3620 608 3680 eodem
636 3619 726 3675 'illurn
750 3633 783 3670 u.
804 3613 827 3668 i.
850 3613 956 3667 Buca.
1034 3657 1038 3663 .
