<?xml version="1.0" encoding="UTF-8"?>
<!DOCTYPE html PUBLIC "-//W3C//DTD XHTML 1.0 Transitional//EN"
    "http://www.w3.org/TR/xhtml1/DTD/xhtml1-transitional.dtd">
<html xmlns="http://www.w3.org/1999/xhtml" xml:lang="en" lang="en">
 <head>
  <title>
</title>
<meta http-equiv="Content-Type" content="text/html;charset=utf-8" />
  <meta name='ocr-system' content='tesseract 3.04.00' />
  <meta name='ocr-capabilities' content='ocr_page ocr_carea ocr_par ocr_line ocrx_word'/>
</head>
<body>
  <div class='ocr_page' id='page_1' title='image "./cplinicaecilise04plingoog_0327.png"; bbox 0 0 2506 3862; ppageno 0'>
   <div class='ocr_carea' id='block_1_1' title="bbox 155 192 736 257">
    <p class='ocr_par' dir='ltr' id='par_1_1' title="bbox 155 192 736 257">
     <span class='ocr_line' id='line_1_1' title="bbox 155 192 736 257; baseline -0.021 0"><span class='ocrx_word' id='word_1_1' title='bbox 155 194 220 257; x_wconf 84' lang='lat'>314</span> <span class='ocrx_word' id='word_1_2' title='bbox 590 192 617 247; x_wconf 87' lang='lat' dir='ltr'>o.</span> <span class='ocrx_word' id='word_1_3' title='bbox 637 193 736 246; x_wconf 77' lang='lat' dir='ltr'>emm</span> 
     </span>
    </p>
   </div>
   <div class='ocr_carea' id='block_1_2' title="bbox 103 355 1211 3292">
    <p class='ocr_par' dir='ltr' id='par_1_2' title="bbox 103 355 1211 3292">
     <span class='ocr_line' id='line_1_2' title="bbox 120 355 1168 442; baseline -0.003 -20"><span class='ocrx_word' id='word_1_4' title='bbox 120 357 374 422; x_wconf 69' lang='lat' dir='ltr'>moderatione</span> <span class='ocrx_word' id='word_1_5' title='bbox 407 356 553 421; x_wconf 86' lang='lat' dir='ltr'>efficitur.</span> <span class='ocrx_word' id='word_1_6' title='bbox 598 355 697 439; x_wconf 86' lang='lat' dir='ltr'>Nam,</span> <span class='ocrx_word' id='word_1_7' title='bbox 729 361 766 420; x_wconf 91' lang='lat' dir='ltr'>ut</span> <span class='ocrx_word' id='word_1_8' title='bbox 798 357 866 440; x_wconf 89' lang='lat' dir='ltr'>ipse</span> <span class='ocrx_word' id='word_1_9' title='bbox 898 359 982 421; x_wconf 90' lang='lat' dir='ltr'>nolis</span> <span class='ocrx_word' id='word_1_10' title='bbox 1014 378 1168 442; x_wconf 81' lang='lat' dir='ltr'>pugnare,</span> 
     </span>
     <span class='ocr_line' id='line_1_3' title="bbox 156 445 1169 530; baseline 0 -22"><span class='ocrx_word' id='word_1_11' title='bbox 156 445 343 528; x_wconf 76' lang='lat' dir='ltr'><strong>moderatio,</strong></span> <span class='ocrx_word' id='word_1_12' title='bbox 365 446 522 510; x_wconf 84' lang='lat' dir='ltr'>fortitudo</span> <span class='ocrx_word' id='word_1_13' title='bbox 546 449 602 508; x_wconf 92' lang='lat' dir='ltr'>tua</span> <span class='ocrx_word' id='word_1_14' title='bbox 624 450 774 530; x_wconf 74' lang='lat' dir='ltr'>praestat,</span> <span class='ocrx_word' id='word_1_15' title='bbox 802 451 838 510; x_wconf 91' lang='lat' dir='ltr'>ut</span> <span class='ocrx_word' id='word_1_16' title='bbox 860 468 964 530; x_wconf 89' lang='lat' dir='ltr'>neque</span> <span class='ocrx_word' id='word_1_17' title='bbox 986 445 1095 510; x_wconf 89' lang='lat' dir='ltr'>hostes</span> <span class='ocrx_word' id='word_1_18' title='bbox 1119 446 1169 509; x_wconf 90' lang='lat' dir='ltr'>tui</span> 
     </span>
     <span class='ocr_line' id='line_1_4' title="bbox 155 533 1169 620; baseline -0.002 -22"><span class='ocrx_word' id='word_1_19' title='bbox 155 535 264 598; x_wconf 86' lang='lat' dir='ltr'>velint.</span> <span class='ocrx_word' id='word_1_20' title='bbox 300 533 450 618; x_wconf 84' lang='lat' dir='ltr'>Accipiet</span> <span class='ocrx_word' id='word_1_21' title='bbox 472 557 548 620; x_wconf 86' lang='lat' dir='ltr'>ergo</span> <span class='ocrx_word' id='word_1_22' title='bbox 571 535 742 618; x_wconf 91' lang='lat' dir='ltr'>aliquando</span> <span class='ocrx_word' id='word_1_23' title='bbox 766 534 961 619; x_wconf 77' lang='lat' dir='ltr'>Capitolium</span> <span class='ocrx_word' id='word_1_24' title='bbox 980 557 1046 598; x_wconf 92' lang='lat' dir='ltr'>non</span> <span class='ocrx_word' id='word_1_25' title='bbox 1063 534 1169 598; x_wconf 86' lang='lat' dir='ltr'>mimi-</span> 
     </span>
     <span class='ocr_line' id='line_1_5' title="bbox 154 623 1209 708; baseline -0.001 -20"><span class='ocrx_word' id='word_1_26' title='bbox 154 646 208 688; x_wconf 90' lang='lat' dir='ltr'>cos</span> <span class='ocrx_word' id='word_1_27' title='bbox 232 646 343 689; x_wconf 84' lang='lat' dir='ltr'>currus</span> <span class='ocrx_word' id='word_1_28' title='bbox 366 645 425 687; x_wconf 91' lang='lat' dir='ltr'>neo</span> <span class='ocrx_word' id='word_1_29' title='bbox 447 624 547 687; x_wconf 84' lang='lat' dir='ltr'>falsae</span> <span class='ocrx_word' id='word_1_30' title='bbox 570 623 741 689; x_wconf 88' lang='lat' dir='ltr'>simulacra</span> <span class='ocrx_word' id='word_1_31' title='bbox 764 625 926 708; x_wconf 89' lang='lat' dir='ltr'>victoriae,</span> <span class='ocrx_word' id='word_1_32' title='bbox 955 623 1010 688; x_wconf 91' lang='lat' dir='ltr'>sed</span> <span class='ocrx_word' id='word_1_33' title='bbox 1032 624 1168 706; x_wconf 89' lang='lat' dir='ltr'>impera·</span> <span class='ocrx_word' id='word_1_34' title='bbox 1197 651 1209 680; x_wconf 66' lang='lat' dir='ltr'>a</span> 
     </span>
     <span class='ocr_line' id='line_1_6' title="bbox 154 709 1209 798; baseline 0.005 -22"><span class='ocrx_word' id='word_1_35' title='bbox 154 709 257 777; x_wconf 88' lang='lat' dir='ltr'>torem</span> <span class='ocrx_word' id='word_1_36' title='bbox 271 736 379 777; x_wconf 89' lang='lat' dir='ltr'>veram</span> <span class='ocrx_word' id='word_1_37' title='bbox 394 734 431 776; x_wconf 91' lang='lat' dir='ltr'>ac</span> <span class='ocrx_word' id='word_1_38' title='bbox 446 713 580 777; x_wconf 91' lang='lat' dir='ltr'>solidam</span> <span class='ocrx_word' id='word_1_39' title='bbox 600 714 737 798; x_wconf 83' lang='lat' dir='ltr'>gloriam</span> <span class='ocrx_word' id='word_1_40' title='bbox 751 717 969 797; x_wconf 83' lang='lat' dir='ltr'>reportantem</span> <span class='ocrx_word' id='word_1_41' title='bbox 988 713 1167 796; x_wconf 87' lang='lat' dir='ltr'>tranquilli·</span> <span class='ocrx_word' id='word_1_42' title='bbox 1197 743 1209 781; x_wconf 79' lang='lat' dir='ltr'>s</span> 
     </span>
     <span class='ocr_line' id='line_1_7' title="bbox 153 801 1167 887; baseline 0.001 -22"><span class='ocrx_word' id='word_1_43' title='bbox 153 806 253 866; x_wconf 93' lang='lat' dir='ltr'>tatem</span> <span class='ocrx_word' id='word_1_44' title='bbox 277 807 309 866; x_wconf 90' lang='lat' dir='ltr'>et</span> <span class='ocrx_word' id='word_1_45' title='bbox 332 806 398 866; x_wconf 90' lang='lat' dir='ltr'>tam</span> <span class='ocrx_word' id='word_1_46' title='bbox 423 802 567 866; x_wconf 89' lang='lat' dir='ltr'>confessa</span> <span class='ocrx_word' id='word_1_47' title='bbox 584 802 728 867; x_wconf 89' lang='lat' dir='ltr'>hostium</span> <span class='ocrx_word' id='word_1_48' title='bbox 748 803 911 887; x_wconf 88' lang='lat' dir='ltr'>obsequie,</span> <span class='ocrx_word' id='word_1_49' title='bbox 933 807 973 866; x_wconf 92' lang='lat' dir='ltr'>ut·</span> <span class='ocrx_word' id='word_1_50' title='bbox 992 801 1167 866; x_wconf 76' lang='lat' dir='ltr'>vincendus</span> 
     </span>
     <span class='ocr_line' id='line_1_8' title="bbox 118 889 1168 975; baseline -0.002 -19"><span class='ocrx_word' id='word_1_51' title='bbox 118 910 135 956; x_wconf 88' lang='lat'>4</span> <span class='ocrx_word' id='word_1_52' title='bbox 154 913 247 956; x_wconf 90' lang='lat' dir='ltr'>neme</span> <span class='ocrx_word' id='word_1_53' title='bbox 266 892 372 955; x_wconf 86' lang='lat' dir='ltr'>fuerit.</span> <span class='ocrx_word' id='word_1_54' title='bbox 404 890 574 955; x_wconf 88' lang='lat' dir='ltr'>Pulchrius</span> <span class='ocrx_word' id='word_1_55' title='bbox 593 893 655 956; x_wconf 90' lang='lat' dir='ltr'>hoc</span> <span class='ocrx_word' id='word_1_56' title='bbox 674 893 823 956; x_wconf 90' lang='lat' dir='ltr'>omnibus</span> <span class='ocrx_word' id='word_1_57' title='bbox 841 891 1023 975; x_wconf 82' lang='lat' dir='ltr'>triumphis.</span> <span class='ocrx_word' id='word_1_58' title='bbox 1053 889 1168 973; x_wconf 85' lang='lat' dir='ltr'>Neque</span> 
     </span>
     <span class='ocr_line' id='line_1_9' title="bbox 154 980 1168 1065; baseline -0.002 -20"><span class='ocrx_word' id='word_1_59' title='bbox 154 981 239 1045; x_wconf 91' lang='lat' dir='ltr'>enim</span> <span class='ocrx_word' id='word_1_60' title='bbox 262 1002 416 1063; x_wconf 89' lang='lat' dir='ltr'>umquam</span> <span class='ocrx_word' id='word_1_61' title='bbox 435 981 497 1043; x_wconf 92' lang='lat' dir='ltr'>nisi</span> <span class='ocrx_word' id='word_1_62' title='bbox 516 1001 554 1044; x_wconf 91' lang='lat' dir='ltr'>ex</span> <span class='ocrx_word' id='word_1_63' title='bbox 574 985 760 1064; x_wconf 87' lang='lat' dir='ltr'>contemptu</span> <span class='ocrx_word' id='word_1_64' title='bbox 779 981 906 1065; x_wconf 89' lang='lat' dir='ltr'>imperii</span> <span class='ocrx_word' id='word_1_65' title='bbox 922 980 1027 1046; x_wconf 81' lang='lat' dir='ltr'>nostri</span> <span class='ocrx_word' id='word_1_66' title='bbox 1044 981 1168 1044; x_wconf 85' lang='lat' dir='ltr'>factum</span> 
     </span>
     <span class='ocr_line' id='line_1_10' title="bbox 118 1067 1168 1153; baseline -0.002 -19"><span class='ocrx_word' id='word_1_67' title='bbox 118 1074 212 1152; x_wconf 77' lang='lat' dir='ltr'>sest,</span> <span class='ocrx_word' id='word_1_68' title='bbox 240 1074 277 1133; x_wconf 89' lang='lat' dir='ltr'>ut</span> <span class='ocrx_word' id='word_1_69' title='bbox 299 1070 507 1133; x_wconf 78' lang='lat' dir='ltr'>vinceremus,</span> <span class='ocrx_word' id='word_1_70' title='bbox 548 1067 671 1144; x_wconf 84' lang='lat' dir='ltr'>Quodsi</span> <span class='ocrx_word' id='word_1_71' title='bbox 698 1071 770 1153; x_wconf 91' lang='lat' dir='ltr'>quis</span> <span class='ocrx_word' id='word_1_72' title='bbox 799 1071 952 1134; x_wconf 87' lang='lat' dir='ltr'>barbarus</span> <span class='ocrx_word' id='word_1_73' title='bbox 979 1091 1036 1134; x_wconf 85' lang='lat' dir='ltr'>rex</span> <span class='ocrx_word' id='word_1_74' title='bbox 1059 1091 1097 1132; x_wconf 92' lang='lat' dir='ltr'>eo</span> <span class='ocrx_word' id='word_1_75' title='bbox 1121 1069 1168 1132; x_wconf 93' lang='lat' dir='ltr'>in-</span> 
     </span>
     <span class='ocr_line' id='line_1_11' title="bbox 154 1158 1211 1243; baseline 0.005 -20"><span class='ocrx_word' id='word_1_76' title='bbox 154 1160 308 1223; x_wconf 89' lang='lat' dir='ltr'>solentiae</span> <span class='ocrx_word' id='word_1_77' title='bbox 330 1159 511 1241; x_wconf 77' lang='lat' dir='ltr'>furorisque</span> <span class='ocrx_word' id='word_1_78' title='bbox 534 1161 735 1242; x_wconf 89' lang='lat' dir='ltr'>processerit,</span> <span class='ocrx_word' id='word_1_79' title='bbox 753 1164 790 1223; x_wconf 93' lang='lat' dir='ltr'>ut</span> <span class='ocrx_word' id='word_1_80' title='bbox 810 1161 890 1223; x_wconf 90' lang='lat' dir='ltr'>iram</span> <span class='ocrx_word' id='word_1_81' title='bbox 914 1163 1003 1223; x_wconf 90' lang='lat' dir='ltr'>tuam</span> <span class='ocrx_word' id='word_1_82' title='bbox 1022 1158 1168 1243; x_wconf 88' lang='lat' dir='ltr'>indigna·</span> <span class='ocrx_word' id='word_1_83' title='bbox 1184 1189 1211 1227; x_wconf 83' lang='grc'><strong>10</strong></span> 
     </span>
     <span class='ocr_line' id='line_1_12' title="bbox 153 1249 1168 1331; baseline -0.001 -20"><span class='ocrx_word' id='word_1_84' title='bbox 153 1249 338 1329; x_wconf 91' lang='lat' dir='ltr'>tionemque</span> <span class='ocrx_word' id='word_1_85' title='bbox 365 1251 538 1331; x_wconf 88' lang='lat' dir='ltr'>mereatur,</span> <span class='ocrx_word' id='word_1_86' title='bbox 563 1271 603 1312; x_wconf 91' lang='lat' dir='ltr'>ne</span> <span class='ocrx_word' id='word_1_87' title='bbox 626 1249 694 1329; x_wconf 85' lang='lat' dir='ltr'>ille,</span> <span class='ocrx_word' id='word_1_88' title='bbox 722 1249 788 1312; x_wconf 85' lang='lat' dir='ltr'>sive</span> <span class='ocrx_word' id='word_1_89' title='bbox 816 1249 972 1312; x_wconf 82' lang='lat' dir='ltr'>interfuso</span> <span class='ocrx_word' id='word_1_90' title='bbox 1001 1249 1083 1312; x_wconf 88' lang='lat' dir='ltr'>mari</span> <span class='ocrx_word' id='word_1_91' title='bbox 1111 1269 1168 1312; x_wconf 91' lang='lat' dir='ltr'>seu</span> 
     </span>
     <span class='ocr_line' id='line_1_13' title="bbox 155 1336 1168 1420; baseline 0.001 -21"><span class='ocrx_word' id='word_1_92' title='bbox 155 1336 341 1400; x_wconf 88' lang='lat' dir='ltr'>fluminibus</span> <span class='ocrx_word' id='word_1_93' title='bbox 367 1336 532 1402; x_wconf 89' lang='lat' dir='ltr'>immensis</span> <span class='ocrx_word' id='word_1_94' title='bbox 561 1360 616 1401; x_wconf 89' lang='lat' dir='ltr'>seu</span> <span class='ocrx_word' id='word_1_95' title='bbox 644 1338 813 1420; x_wconf 83' lang='lat' dir='ltr'>praecipiti</span> <span class='ocrx_word' id='word_1_96' title='bbox 840 1341 950 1401; x_wconf 92' lang='lat' dir='ltr'>monte</span> <span class='ocrx_word' id='word_1_97' title='bbox 978 1336 1168 1418; x_wconf 85' lang='lat' dir='ltr'>defenditur,</span> 
     </span>
     <span class='ocr_line' id='line_1_14' title="bbox 155 1425 1168 1509; baseline 0 -20"><span class='ocrx_word' id='word_1_98' title='bbox 155 1425 263 1489; x_wconf 88' lang='lat' dir='ltr'>omnia</span> <span class='ocrx_word' id='word_1_99' title='bbox 285 1425 365 1490; x_wconf 92' lang='lat' dir='ltr'>haec</span> <span class='ocrx_word' id='word_1_100' title='bbox 387 1429 454 1490; x_wconf 90' lang='lat' dir='ltr'>tam</span> <span class='ocrx_word' id='word_1_101' title='bbox 473 1448 574 1509; x_wconf 89' lang='lat' dir='ltr'>prona</span> <span class='ocrx_word' id='word_1_102' title='bbox 597 1430 728 1509; x_wconf 89' lang='lat' dir='ltr'>tamque</span> <span class='ocrx_word' id='word_1_103' title='bbox 747 1426 892 1491; x_wconf 84' lang='lat' dir='ltr'>cedentia</span> <span class='ocrx_word' id='word_1_104' title='bbox 909 1426 1083 1490; x_wconf 81' lang='lat' dir='ltr'>virtutibus</span> <span class='ocrx_word' id='word_1_105' title='bbox 1102 1426 1168 1489; x_wconf 88' lang='lat' dir='ltr'>tuis</span> 
     </span>
     <span class='ocr_line' id='line_1_15' title="bbox 154 1515 1168 1599; baseline 0 -21"><span class='ocrx_word' id='word_1_106' title='bbox 154 1515 278 1597; x_wconf 85' lang='lat' dir='ltr'>sentiet,</span> <span class='ocrx_word' id='word_1_107' title='bbox 300 1519 338 1578; x_wconf 91' lang='lat' dir='ltr'>ut</span> <span class='ocrx_word' id='word_1_108' title='bbox 361 1515 540 1580; x_wconf 83' lang='lat' dir='ltr'>subsedisse</span> <span class='ocrx_word' id='word_1_109' title='bbox 564 1520 698 1598; x_wconf 90' lang='lat' dir='ltr'>montes,</span> <span class='ocrx_word' id='word_1_110' title='bbox 720 1515 854 1580; x_wconf 87' lang='lat' dir='ltr'>flumina</span> <span class='ocrx_word' id='word_1_111' title='bbox 877 1515 1047 1599; x_wconf 85' lang='lat' dir='ltr'>exaruisse,</span> <span class='ocrx_word' id='word_1_112' title='bbox 1071 1517 1168 1579; x_wconf 91' lang='lat' dir='ltr'>inter-</span> 
     </span>
     <span class='ocr_line' id='line_1_16' title="bbox 154 1604 1211 1687; baseline -0.001 -20"><span class='ocrx_word' id='word_1_113' title='bbox 154 1608 282 1687; x_wconf 90' lang='lat' dir='ltr'>ceptum</span> <span class='ocrx_word' id='word_1_114' title='bbox 311 1627 398 1668; x_wconf 90' lang='lat' dir='ltr'>mare</span> <span class='ocrx_word' id='word_1_115' title='bbox 426 1605 594 1687; x_wconf 86' lang='lat' dir='ltr'>illatasque</span> <span class='ocrx_word' id='word_1_116' title='bbox 623 1605 684 1668; x_wconf 92' lang='lat' dir='ltr'>sibi</span> <span class='ocrx_word' id='word_1_117' title='bbox 711 1627 777 1669; x_wconf 92' lang='lat' dir='ltr'>non</span> <span class='ocrx_word' id='word_1_118' title='bbox 804 1607 921 1669; x_wconf 88' lang='lat' dir='ltr'>classes</span> <span class='ocrx_word' id='word_1_119' title='bbox 949 1609 1084 1686; x_wconf 87' lang='lat' dir='ltr'>nostras,</span> <span class='ocrx_word' id='word_1_120' title='bbox 1112 1604 1169 1668; x_wconf 92' lang='lat' dir='ltr'>sed</span> <span class='ocrx_word' id='word_1_121' title='bbox 1185 1636 1211 1675; x_wconf 74' lang='lat'>15</span> 
     </span>
     <span class='ocr_line' id='line_1_17' title="bbox 155 1693 564 1776; baseline -0.002 -19"><span class='ocrx_word' id='word_1_122' title='bbox 155 1698 255 1757; x_wconf 87' lang='lat' dir='ltr'>terras</span> <span class='ocrx_word' id='word_1_123' title='bbox 274 1694 360 1776; x_wconf 88' lang='lat' dir='ltr'>ipsas</span> <span class='ocrx_word' id='word_1_124' title='bbox 383 1693 564 1757; x_wconf 89' lang='lat' dir='ltr'>arbitretur.</span> 
     </span>
     <span class='ocr_line' id='line_1_18' title="bbox 103 1780 1169 1866; baseline 0 -20"><span class='ocrx_word' id='word_1_125' title='bbox 103 1780 146 1846; x_wconf 74' lang='lat' dir='ltr'>l&#39;i</span> <span class='ocrx_word' id='word_1_126' title='bbox 221 1781 342 1846; x_wconf 86' lang='lat' dir='ltr'>Videor</span> <span class='ocrx_word' id='word_1_127' title='bbox 373 1783 437 1846; x_wconf 90' lang='lat' dir='ltr'>iam</span> <span class='ocrx_word' id='word_1_128' title='bbox 470 1803 597 1846; x_wconf 90' lang='lat' dir='ltr'>cernere</span> <span class='ocrx_word' id='word_1_129' title='bbox 628 1805 694 1846; x_wconf 92' lang='lat' dir='ltr'>non</span> <span class='ocrx_word' id='word_1_130' title='bbox 727 1783 838 1866; x_wconf 89' lang='lat' dir='ltr'>spoliis</span> <span class='ocrx_word' id='word_1_131' title='bbox 868 1783 1106 1866; x_wconf 86' lang='lat' dir='ltr'>provinciarum</span> <span class='ocrx_word' id='word_1_132' title='bbox 1137 1788 1169 1846; x_wconf 92' lang='lat' dir='ltr'>et</span> 
     </span>
     <span class='ocr_line' id='line_1_19' title="bbox 155 1871 1168 1955; baseline 0 -20"><span class='ocrx_word' id='word_1_133' title='bbox 155 1875 280 1935; x_wconf 84' lang='lat' dir='ltr'>extorto</span> <span class='ocrx_word' id='word_1_134' title='bbox 305 1872 400 1935; x_wconf 88' lang='lat' dir='ltr'>sociis</span> <span class='ocrx_word' id='word_1_135' title='bbox 424 1893 511 1954; x_wconf 84' lang='lat' dir='ltr'>auro,</span> <span class='ocrx_word' id='word_1_136' title='bbox 535 1871 590 1934; x_wconf 89' lang='lat' dir='ltr'>sed</span> <span class='ocrx_word' id='word_1_137' title='bbox 612 1871 786 1936; x_wconf 89' lang='lat' dir='ltr'>hostilibus</span> <span class='ocrx_word' id='word_1_138' title='bbox 810 1872 907 1936; x_wconf 90' lang='lat' dir='ltr'>armis</span> <span class='ocrx_word' id='word_1_139' title='bbox 936 1875 1168 1955; x_wconf 89' lang='lat' dir='ltr'>captorumque</span> 
     </span>
     <span class='ocr_line' id='line_1_20' title="bbox 118 1960 1168 2045; baseline -0.001 -20"><span class='ocrx_word' id='word_1_140' title='bbox 118 1978 134 2025; x_wconf 78' lang='lat'>2</span> <span class='ocrx_word' id='word_1_141' title='bbox 154 1983 266 2045; x_wconf 89' lang='lat' dir='ltr'>regum</span> <span class='ocrx_word' id='word_1_142' title='bbox 290 1961 410 2024; x_wconf 91' lang='lat' dir='ltr'>catenis</span> <span class='ocrx_word' id='word_1_143' title='bbox 434 1960 635 2043; x_wconf 87' lang='lat' dir='ltr'>triumphum</span> <span class='ocrx_word' id='word_1_144' title='bbox 659 1983 798 2045; x_wconf 86' lang='lat' dir='ltr'>gravem,</span> <span class='ocrx_word' id='word_1_145' title='bbox 816 1960 927 2024; x_wconf 73' lang='lat' dir='ltr'>videor</span> <span class='ocrx_word' id='word_1_146' title='bbox 949 1961 1093 2045; x_wconf 87' lang='lat' dir='ltr'>ingentia</span> <span class='ocrx_word' id='word_1_147' title='bbox 1112 1961 1168 2024; x_wconf 91' lang='lat' dir='ltr'>du-</span> 
     </span>
     <span class='ocr_line' id='line_1_21' title="bbox 155 2049 1210 2132; baseline 0.005 -19"><span class='ocrx_word' id='word_1_148' title='bbox 155 2071 228 2114; x_wconf 90' lang='lat' dir='ltr'>cum</span> <span class='ocrx_word' id='word_1_149' title='bbox 246 2049 378 2112; x_wconf 87' lang='lat' dir='ltr'>nomina</span> <span class='ocrx_word' id='word_1_150' title='bbox 395 2069 455 2112; x_wconf 90' lang='lat' dir='ltr'>nec</span> <span class='ocrx_word' id='word_1_151' title='bbox 473 2050 622 2113; x_wconf 88' lang='lat' dir='ltr'>indecora</span> <span class='ocrx_word' id='word_1_152' title='bbox 639 2051 825 2114; x_wconf 89' lang='lat' dir='ltr'>nominibus</span> <span class='ocrx_word' id='word_1_153' title='bbox 847 2071 981 2132; x_wconf 81' lang='lat' dir='ltr'>corpora</span> <span class='ocrx_word' id='word_1_154' title='bbox 999 2049 1168 2131; x_wconf 82' lang='lat' dir='ltr'>noscitare,</span> <span class='ocrx_word' id='word_1_155' title='bbox 1183 2080 1210 2118; x_wconf 78' lang='lat' dir='ltr'>ao</span> 
     </span>
     <span class='ocr_line' id='line_1_22' title="bbox 154 2137 1168 2202; baseline 0.001 -1"><span class='ocrx_word' id='word_1_156' title='bbox 154 2137 265 2202; x_wconf 76' lang='lat' dir='ltr'>videor</span> <span class='ocrx_word' id='word_1_157' title='bbox 287 2138 406 2201; x_wconf 87' lang='lat' dir='ltr'>intueri</span> <span class='ocrx_word' id='word_1_158' title='bbox 426 2139 620 2202; x_wconf 84' lang='lat' dir='ltr'>immanibus</span> <span class='ocrx_word' id='word_1_159' title='bbox 639 2139 725 2202; x_wconf 88' lang='lat' dir='ltr'>ausis</span> <span class='ocrx_word' id='word_1_160' title='bbox 745 2139 953 2202; x_wconf 91' lang='lat' dir='ltr'>barbarorum</span> <span class='ocrx_word' id='word_1_161' title='bbox 973 2143 1088 2202; x_wconf 88' lang='lat' dir='ltr'>onusta</span> <span class='ocrx_word' id='word_1_162' title='bbox 1106 2138 1168 2202; x_wconf 83' lang='lat' dir='ltr'>fer-</span> 
     </span>
     <span class='ocr_line' id='line_1_23' title="bbox 156 2228 1169 2310; baseline 0.002 -21"><span class='ocrx_word' id='word_1_163' title='bbox 156 2228 227 2290; x_wconf 89' lang='lat' dir='ltr'>cula</span> <span class='ocrx_word' id='word_1_164' title='bbox 250 2232 281 2291; x_wconf 90' lang='lat' dir='ltr'>et</span> <span class='ocrx_word' id='word_1_165' title='bbox 305 2249 362 2290; x_wconf 91' lang='lat' dir='ltr'>sua</span> <span class='ocrx_word' id='word_1_166' title='bbox 385 2249 544 2310; x_wconf 90' lang='lat' dir='ltr'>quemque</span> <span class='ocrx_word' id='word_1_167' title='bbox 563 2229 650 2291; x_wconf 87' lang='lat' dir='ltr'>facta</span> <span class='ocrx_word' id='word_1_168' title='bbox 667 2229 784 2291; x_wconf 84' lang='lat' dir='ltr'>vinctis</span> <span class='ocrx_word' id='word_1_169' title='bbox 804 2228 952 2291; x_wconf 88' lang='lat' dir='ltr'>manibus</span> <span class='ocrx_word' id='word_1_170' title='bbox 972 2232 1169 2310; x_wconf 89' lang='lat' dir='ltr'>sequentem,</span> 
     </span>
     <span class='ocr_line' id='line_1_24' title="bbox 154 2317 1168 2400; baseline 0 -20"><span class='ocrx_word' id='word_1_171' title='bbox 154 2338 229 2380; x_wconf 91' lang='lat' dir='ltr'>mex</span> <span class='ocrx_word' id='word_1_172' title='bbox 245 2317 350 2399; x_wconf 88' lang='lat' dir='ltr'>ipsum</span> <span class='ocrx_word' id='word_1_173' title='bbox 365 2320 397 2380; x_wconf 91' lang='lat' dir='ltr'>te</span> <span class='ocrx_word' id='word_1_174' title='bbox 417 2317 588 2380; x_wconf 90' lang='lat' dir='ltr'>sublimem</span> <span class='ocrx_word' id='word_1_175' title='bbox 602 2318 840 2400; x_wconf 86' lang='lat' dir='ltr'>instantemque</span> <span class='ocrx_word' id='word_1_176' title='bbox 859 2337 953 2380; x_wconf 91' lang='lat' dir='ltr'>curru</span> <span class='ocrx_word' id='word_1_177' title='bbox 973 2317 1168 2381; x_wconf 87' lang='lat' dir='ltr'>domitarum</span> 
     </span>
     <span class='ocr_line' id='line_1_25' title="bbox 155 2405 1168 2491; baseline 0 -22"><span class='ocrx_word' id='word_1_178' title='bbox 155 2405 299 2490; x_wconf 86' lang='lat' dir='ltr'>gentium</span> <span class='ocrx_word' id='word_1_179' title='bbox 323 2409 423 2491; x_wconf 83' lang='lat' dir='ltr'>terge,</span> <span class='ocrx_word' id='word_1_180' title='bbox 447 2409 520 2469; x_wconf 90' lang='lat' dir='ltr'>ante</span> <span class='ocrx_word' id='word_1_181' title='bbox 544 2428 672 2470; x_wconf 88' lang='lat' dir='ltr'>currum</span> <span class='ocrx_word' id='word_1_182' title='bbox 696 2409 803 2469; x_wconf 91' lang='lat' dir='ltr'>autem</span> <span class='ocrx_word' id='word_1_183' title='bbox 832 2406 962 2489; x_wconf 89' lang='lat' dir='ltr'>clipeos,</span> <span class='ocrx_word' id='word_1_184' title='bbox 989 2428 1070 2488; x_wconf 91' lang='lat' dir='ltr'>quos</span> <span class='ocrx_word' id='word_1_185' title='bbox 1098 2407 1168 2489; x_wconf 90' lang='lat' dir='ltr'>ipse</span> 
     </span>
     <span class='ocr_line' id='line_1_26' title="bbox 119 2493 1208 2580; baseline 0.005 -22"><span class='ocrx_word' id='word_1_186' title='bbox 119 2495 338 2577; x_wconf 71' lang='lat' dir='ltr'>sperfoderis.</span> <span class='ocrx_word' id='word_1_187' title='bbox 379 2493 448 2558; x_wconf 90' lang='lat' dir='ltr'>Neo</span> <span class='ocrx_word' id='word_1_188' title='bbox 476 2495 536 2559; x_wconf 89' lang='lat' dir='ltr'>tibi</span> <span class='ocrx_word' id='word_1_189' title='bbox 564 2496 673 2578; x_wconf 90' lang='lat' dir='ltr'>opima</span> <span class='ocrx_word' id='word_1_190' title='bbox 701 2494 869 2578; x_wconf 86' lang='lat' dir='ltr'>defuerint,</span> <span class='ocrx_word' id='word_1_191' title='bbox 898 2496 925 2558; x_wconf 91' lang='lat' dir='ltr'>si</span> <span class='ocrx_word' id='word_1_192' title='bbox 953 2495 1024 2576; x_wconf 92' lang='lat' dir='ltr'>quis</span> <span class='ocrx_word' id='word_1_193' title='bbox 1052 2517 1167 2580; x_wconf 86' lang='lat' dir='ltr'>regum</span> <span class='ocrx_word' id='word_1_194' title='bbox 1183 2524 1208 2563; x_wconf 82' lang='lat' dir='ltr'>rs</span> 
     </span>
     <span class='ocr_line' id='line_1_27' title="bbox 154 2583 1168 2666; baseline 0 -20"><span class='ocrx_word' id='word_1_195' title='bbox 154 2584 262 2647; x_wconf 82' lang='lat' dir='ltr'>venire</span> <span class='ocrx_word' id='word_1_196' title='bbox 285 2583 319 2646; x_wconf 92' lang='lat' dir='ltr'>in</span> <span class='ocrx_word' id='word_1_197' title='bbox 337 2605 451 2647; x_wconf 90' lang='lat' dir='ltr'>manus</span> <span class='ocrx_word' id='word_1_198' title='bbox 471 2584 585 2647; x_wconf 89' lang='lat' dir='ltr'>audeat</span> <span class='ocrx_word' id='word_1_199' title='bbox 603 2605 663 2648; x_wconf 88' lang='lat' dir='ltr'>nec</span> <span class='ocrx_word' id='word_1_200' title='bbox 680 2583 775 2647; x_wconf 91' lang='lat' dir='ltr'>modo</span> <span class='ocrx_word' id='word_1_201' title='bbox 796 2584 933 2647; x_wconf 93' lang='lat' dir='ltr'>telorum</span> <span class='ocrx_word' id='word_1_202' title='bbox 953 2588 1092 2666; x_wconf 87' lang='lat' dir='ltr'>tuorum,</span> <span class='ocrx_word' id='word_1_203' title='bbox 1111 2584 1168 2649; x_wconf 91' lang='lat' dir='ltr'>sed</span> 
     </span>
     <span class='ocr_line' id='line_1_28' title="bbox 156 2673 1166 2756; baseline 0.001 -21"><span class='ocrx_word' id='word_1_204' title='bbox 156 2674 321 2737; x_wconf 91' lang='lat' dir='ltr'>oculorum</span> <span class='ocrx_word' id='word_1_205' title='bbox 354 2673 451 2735; x_wconf 90' lang='lat' dir='ltr'>etiam</span> <span class='ocrx_word' id='word_1_206' title='bbox 484 2674 707 2756; x_wconf 90' lang='lat' dir='ltr'>minarumque</span> <span class='ocrx_word' id='word_1_207' title='bbox 735 2673 916 2738; x_wconf 89' lang='lat' dir='ltr'>coniectum</span> <span class='ocrx_word' id='word_1_208' title='bbox 948 2676 1018 2735; x_wconf 89' lang='lat' dir='ltr'>toto</span> <span class='ocrx_word' id='word_1_209' title='bbox 1052 2695 1166 2756; x_wconf 91' lang='lat' dir='ltr'>campo</span> 
     </span>
     <span class='ocr_line' id='line_1_29' title="bbox 118 2760 1168 2845; baseline 0 -21"><span class='ocrx_word' id='word_1_210' title='bbox 118 2778 135 2824; x_wconf 85' lang='lat'>4</span> <span class='ocrx_word' id='word_1_211' title='bbox 154 2765 288 2844; x_wconf 91' lang='lat' dir='ltr'>totoque</span> <span class='ocrx_word' id='word_1_212' title='bbox 303 2763 444 2825; x_wconf 85' lang='lat' dir='ltr'>exercitu</span> <span class='ocrx_word' id='word_1_213' title='bbox 455 2762 605 2845; x_wconf 91' lang='lat' dir='ltr'>opposito</span> <span class='ocrx_word' id='word_1_214' title='bbox 615 2763 844 2845; x_wconf 88' lang='lat' dir='ltr'>perhorrescat.</span> <span class='ocrx_word' id='word_1_215' title='bbox 863 2760 1011 2825; x_wconf 88' lang='lat' dir='ltr'>Meruisti</span> <span class='ocrx_word' id='word_1_216' title='bbox 1019 2763 1168 2844; x_wconf 88' lang='lat' dir='ltr'>proxima</span> 
     </span>
     <span class='ocr_line' id='line_1_30' title="bbox 155 2850 1168 2934; baseline 0.003 -22"><span class='ocrx_word' id='word_1_217' title='bbox 155 2850 381 2934; x_wconf 87' lang='lat' dir='ltr'>moderatione,</span> <span class='ocrx_word' id='word_1_218' title='bbox 405 2854 450 2934; x_wconf 91' lang='lat' dir='ltr'>ut,</span> <span class='ocrx_word' id='word_1_219' title='bbox 474 2852 740 2934; x_wconf 89' lang='lat' dir='ltr'>quandocumque</span> <span class='ocrx_word' id='word_1_220' title='bbox 763 2855 795 2915; x_wconf 90' lang='lat' dir='ltr'>te</span> <span class='ocrx_word' id='word_1_221' title='bbox 818 2852 869 2914; x_wconf 88' lang='lat' dir='ltr'>vel</span> <span class='ocrx_word' id='word_1_222' title='bbox 887 2851 1005 2914; x_wconf 82' lang='lat' dir='ltr'>inferre</span> <span class='ocrx_word' id='word_1_223' title='bbox 1023 2853 1075 2914; x_wconf 85' lang='lat' dir='ltr'>vel</span> <span class='ocrx_word' id='word_1_224' title='bbox 1093 2873 1168 2934; x_wconf 96' lang='lat' dir='ltr'>pro-</span> 
     </span>
     <span class='ocr_line' id='line_1_31' title="bbox 153 2938 1208 3026; baseline 0.007 -26"><span class='ocrx_word' id='word_1_225' title='bbox 153 2938 281 3020; x_wconf 87' lang='lat' dir='ltr'>pulsare</span> <span class='ocrx_word' id='word_1_226' title='bbox 296 2939 416 3003; x_wconf 90' lang='lat' dir='ltr'>bellum</span> <span class='ocrx_word' id='word_1_227' title='bbox 432 2941 571 3026; x_wconf 73' lang='lat' dir='ltr'>coegerit</span> <span class='ocrx_word' id='word_1_228' title='bbox 585 2941 712 3023; x_wconf 91' lang='lat' dir='ltr'>imperii</span> <span class='ocrx_word' id='word_1_229' title='bbox 727 2940 876 3025; x_wconf 82' lang='lat' dir='ltr'>dignitas,</span> <span class='ocrx_word' id='word_1_230' title='bbox 885 2962 951 3003; x_wconf 90' lang='lat' dir='ltr'>non</span> <span class='ocrx_word' id='word_1_231' title='bbox 965 2939 1036 3004; x_wconf 91' lang='lat' dir='ltr'>ideo</span> <span class='ocrx_word' id='word_1_232' title='bbox 1051 2939 1167 3005; x_wconf 78' lang='lat' dir='ltr'>vicisse</span> <span class='ocrx_word' id='word_1_233' title='bbox 1182 2968 1208 3008; x_wconf 79' lang='lat' dir='ltr'>so</span> 
     </span>
     <span class='ocr_line' id='line_1_32' title="bbox 154 3026 1165 3113; baseline 0.004 -23"><span class='ocrx_word' id='word_1_234' title='bbox 154 3026 299 3110; x_wconf 84' lang='lat' dir='ltr'>videaris,</span> <span class='ocrx_word' id='word_1_235' title='bbox 322 3033 358 3092; x_wconf 91' lang='lat' dir='ltr'>ut</span> <span class='ocrx_word' id='word_1_236' title='bbox 381 3029 605 3113; x_wconf 82' lang='lat' dir='ltr'>triumphares,</span> <span class='ocrx_word' id='word_1_237' title='bbox 629 3029 684 3094; x_wconf 89' lang='lat' dir='ltr'>sed</span> <span class='ocrx_word' id='word_1_238' title='bbox 706 3030 914 3112; x_wconf 87' lang='lat' dir='ltr'>triumphare,</span> <span class='ocrx_word' id='word_1_239' title='bbox 938 3029 1013 3112; x_wconf 91' lang='lat' dir='ltr'>quia</span> <span class='ocrx_word' id='word_1_240' title='bbox 1041 3030 1165 3094; x_wconf 75' lang='lat' dir='ltr'>viceris.</span> 
     </span>
     <span class='ocr_line' id='line_1_33' title="bbox 103 3115 1167 3201; baseline 0.003 -20"><span class='ocrx_word' id='word_1_241' title='bbox 103 3115 148 3181; x_wconf 88' lang='lat'>18</span> <span class='ocrx_word' id='word_1_242' title='bbox 220 3115 320 3179; x_wconf 83' lang='lat' dir='ltr'>Aliud</span> <span class='ocrx_word' id='word_1_243' title='bbox 343 3139 381 3180; x_wconf 87' lang='lat' dir='ltr'>ex</span> <span class='ocrx_word' id='word_1_244' title='bbox 405 3117 468 3180; x_wconf 89' lang='lat' dir='ltr'>alio</span> <span class='ocrx_word' id='word_1_245' title='bbox 492 3119 573 3182; x_wconf 92' lang='lat' dir='ltr'>mihi</span> <span class='ocrx_word' id='word_1_246' title='bbox 596 3119 742 3183; x_wconf 88' lang='lat' dir='ltr'>occurrit.</span> <span class='ocrx_word' id='word_1_247' title='bbox 785 3116 888 3193; x_wconf 83' lang='lat' dir='ltr'>Quam</span> <span class='ocrx_word' id='word_1_248' title='bbox 911 3119 1091 3201; x_wconf 88' lang='lat' dir='ltr'>speciosum</span> <span class='ocrx_word' id='word_1_249' title='bbox 1118 3123 1167 3184; x_wconf 92' lang='lat' dir='ltr'>est</span> 
     </span>
     <span class='ocr_line' id='line_1_34' title="bbox 154 3205 1166 3292; baseline 0.003 -23"><span class='ocrx_word' id='word_1_250' title='bbox 154 3206 250 3289; x_wconf 90' lang='lat' dir='ltr'>enim,</span> <span class='ocrx_word' id='word_1_251' title='bbox 265 3205 350 3288; x_wconf 93' lang='lat' dir='ltr'>quod</span> <span class='ocrx_word' id='word_1_252' title='bbox 370 3206 571 3290; x_wconf 89' lang='lat' dir='ltr'>disciplinam</span> <span class='ocrx_word' id='word_1_253' title='bbox 591 3213 766 3272; x_wconf 90' lang='lat' dir='ltr'>castrorum</span> <span class='ocrx_word' id='word_1_254' title='bbox 786 3208 910 3290; x_wconf 88' lang='lat' dir='ltr'>lapsam</span> <span class='ocrx_word' id='word_1_255' title='bbox 927 3207 1166 3292; x_wconf 88' lang='lat' dir='ltr'>extinctamque</span> 
     </span>
    </p>
   </div>
   <div class='ocr_carea' id='block_1_3' title="bbox 153 3294 1166 3380">
    <p class='ocr_par' dir='ltr' id='par_1_3' title="bbox 153 3294 1166 3380">
     <span class='ocr_line' id='line_1_35' title="bbox 153 3294 1166 3380; baseline 0.006 -23"><span class='ocrx_word' id='word_1_256' title='bbox 153 3295 298 3359; x_wconf 86' lang='lat' dir='ltr'>refovisti</span> <span class='ocrx_word' id='word_1_257' title='bbox 322 3294 455 3377; x_wconf 89' lang='lat' dir='ltr'>depulso</span> <span class='ocrx_word' id='word_1_258' title='bbox 483 3296 600 3378; x_wconf 89' lang='lat' dir='ltr'>prioris</span> <span class='ocrx_word' id='word_1_259' title='bbox 624 3297 743 3360; x_wconf 89' lang='lat' dir='ltr'>saeculi</span> <span class='ocrx_word' id='word_1_260' title='bbox 766 3296 861 3380; x_wconf 90' lang='lat' dir='ltr'>male,</span> <span class='ocrx_word' id='word_1_261' title='bbox 890 3297 1004 3360; x_wconf 82' lang='lat' dir='ltr'>inertia</span> <span class='ocrx_word' id='word_1_262' title='bbox 1032 3300 1064 3361; x_wconf 92' lang='lat' dir='ltr'>et</span> <span class='ocrx_word' id='word_1_263' title='bbox 1092 3318 1166 3362; x_wconf 91' lang='lat' dir='ltr'>con-</span> 
     </span>
    </p>
   </div>
   <div class='ocr_carea' id='block_1_4' title="bbox 121 3396 1183 3655">
    <p class='ocr_par' dir='ltr' id='par_1_4' title="bbox 121 3396 1183 3655">
     <span class='ocr_line' id='line_1_36' title="bbox 220 3396 1166 3504; baseline 0.004 -17"><span class='ocrx_word' id='word_1_264' title='bbox 220 3440 256 3487; x_wconf 85' lang='grc'>14</span> <span class='ocrx_word' id='word_1_265' title='bbox 263 3396 426 3488; x_wconf 86' lang='lat' dir='ltr'>subsedisse</span> <span class='ocrx_word' id='word_1_266' title='bbox 435 3451 449 3489; x_wconf 87' lang='lat' dir='ltr'>e</span> <span class='ocrx_word' id='word_1_267' title='bbox 458 3435 553 3490; x_wconf 71' lang='lat' dir='ltr'>detera</span> <span class='ocrx_word' id='word_1_268' title='bbox 563 3436 639 3489; x_wconf 84' lang='lat' dir='ltr'>codd.</span> <span class='ocrx_word' id='word_1_269' title='bbox 650 3436 688 3490; x_wconf 92' lang='lat' dir='ltr'>K.</span> <span class='ocrx_word' id='word_1_270' title='bbox 693 3437 735 3502; x_wconf 90' lang='lat' dir='ltr'>II,</span> <span class='ocrx_word' id='word_1_271' title='bbox 744 3437 854 3502; x_wconf 70' lang='lat' dir='ltr'>Recta,</span> <span class='ocrx_word' id='word_1_272' title='bbox 865 3434 969 3489; x_wconf 88' lang='lat' dir='ltr'>subsid.</span> <span class='ocrx_word' id='word_1_273' title='bbox 974 3437 1071 3504; x_wconf 77' lang='lat' dir='ltr'>pteriq.</span> <span class='ocrx_word' id='word_1_274' title='bbox 1079 3437 1166 3503; x_wconf 71' lang='lat' dir='ltr'>codd,</span> 
     </span>
     <span class='ocr_line' id='line_1_37' title="bbox 131 3503 1166 3575; baseline 0.006 -19"><span class='ocrx_word' id='word_1_275' title='bbox 131 3503 375 3574; x_wconf 59' lang='lat' dir='ltr'>thdffdffl.</span> <span class='ocrx_word' id='word_1_276' title='bbox 402 3512 439 3563; x_wconf 81' lang='lat'>23</span> <span class='ocrx_word' id='word_1_277' title='bbox 453 3525 538 3564; x_wconf 85' lang='lat' dir='ltr'>curru</span> <span class='ocrx_word' id='word_1_278' title='bbox 547 3508 891 3575; x_wconf 80' lang='lat' dir='ltr'>inst.Heamona,Bocbr.</span> <span class='ocrx_word' id='word_1_279' title='bbox 911 3509 1166 3562; x_wconf 62' lang='grc' dir='ltr'>ς10110111011111000</span> 
     </span>
     <span class='ocr_line' id='line_1_38' title="bbox 121 3570 1183 3655; baseline -0.005 -19"><span class='ocrx_word' id='word_1_280' title='bbox 121 3570 240 3644; x_wconf 65' lang='lat' dir='ltr'>Gesner,</span> <span class='ocrx_word' id='word_1_281' title='bbox 257 3582 333 3637; x_wconf 70' lang='lat' dir='ltr'>m</span> <span class='ocrx_word' id='word_1_282' title='bbox 393 3588 432 3638; x_wconf 80' lang='grc'>33</span> <span class='ocrx_word' id='word_1_283' title='bbox 451 3583 677 3655; x_wconf 84' lang='lat' dir='ltr'>extinctamque</span> <span class='ocrx_word' id='word_1_284' title='bbox 692 3599 706 3636; x_wconf 85' lang='lat' dir='ltr'>e</span> <span class='ocrx_word' id='word_1_285' title='bbox 720 3579 908 3637; x_wconf 66' lang='lat' dir='ltr'>detemcodd.</span> <span class='ocrx_word' id='word_1_286' title='bbox 918 3575 1183 3640; x_wconf 58' lang='lat' dir='ltr'>maenubam.</span> 
     </span>
    </p>
   </div>
   <div class='ocr_carea' id='block_1_5' title="bbox 0 0 1270 3862">
    <p class='ocr_par' dir='ltr' id='par_1_5' title="bbox 0 0 1270 3862">
     <span class='ocr_line' id='line_1_39' title="bbox 0 0 1270 3862; baseline 0 0"><span class='ocrx_word' id='word_1_287' title='bbox 0 0 1270 3862; x_wconf 95' lang='lat' dir='ltr'> </span> 
     </span>
    </p>
   </div>
  </div>
 </body>
</html>
