2506 3862
144 189 209 254 284
277 172 281 181 ’
461 189 489 245 e.
508 188 605 243 mnu
623 189 670 245 nr
689 189 841 244 ranam

144 353 264 418 milites
279 357 381 437 erunt,
395 353 510 437 legatis
529 375 649 437 eorum,
668 354 754 436 quod
773 353 1025 438 deprehenderis,
1044 358 1160 418 notum

143 442 244 507 faeies
258 446 323 528 aut,
337 443 365 507 si
378 443 413 506 in
426 443 539 506 urbem
553 464 664 507 versus
678 444 806 507 venturi
820 447 923 527 erunt,
934 444 1015 507 mihi
1029 444 1160 508 scribes.

479 588 609 649 nxxrx.
634 585 825 670 [imin]
982 671 985 676 Ι

344 690 371 738 0.
395 689 533 738 PLINIUS
559 691 711 738 TRAIANO
735 691 961 739 IMPERATORI.

109 790 123 837 1
211 768 348 835 Cautum
372 774 433 855 est,
457 771 600 856 domine,
623 770 777 855 Pompeia
798 774 879 858 lego,
903 795 984 856 quae
1007 770 1160 856 Bithynis
1189 801 1202 841 a

144 861 218 925 data
240 864 298 944 est,
320 883 360 924 ne
380 860 451 943 quis
471 860 577 943 oapiat
590 861 814 946 magistratum
833 883 913 926 neve
932 862 974 926 sit
992 861 1028 925 in
1046 865 1161 926 senatu

143 951 250 1013 minor
276 970 433 1013 annorum
462 950 602 1034 triginta.
653 950 776 1015 Eadem
803 952 874 1034 lege
903 950 1160 1034 conprehensum

109 1043 202 1122 rest,
225 1042 271 1124 ut,
295 1039 350 1121 qui
369 1039 512 1121 ceperint
534 1039 768 1124 magistratum,
792 1039 857 1104 sint
879 1039 914 1103 in
937 1043 1058 1104 senatu.
1106 1039 1161 1104 Se·

146 1132 256 1191 eutum
288 1130 336 1192 est
367 1127 441 1190 dein
473 1128 612 1192 edietum
641 1128 707 1192 divi
729 1126 886 1214 Augusti,
914 1150 977 1212 quo
1011 1129 1160 1213 permisit

143 1219 284 1281 minores
300 1217 524 1301 magistratum
542 1216 582 1281 ab
602 1217 693 1282 annis
708 1217 833 1283 duobus
851 1220 885 1282 et
902 1219 1019 1304 viginti
1038 1237 1158 1302 capere.
1176 1247 1204 1286 1o

109 1324 124 1371 3
144 1304 315 1381 Quaeritur
339 1327 424 1391 ergo,
447 1328 497 1388 an,
521 1307 577 1389 qui
599 1307 705 1370 minor
728 1307 861 1391 triginta
884 1328 1040 1371 annorum
1059 1308 1162 1392 gessit

143 1394 379 1479 magistratum,
402 1395 506 1477 possit
530 1417 549 1458 a
572 1395 758 1459 censoribus
784 1396 820 1459 in
842 1400 988 1460 senatum
1011 1397 1090 1482 legi,
1118 1399 1164 1480 et,-

144 1483 172 1548 si
190 1486 306 1567 potest,
329 1506 370 1547 an
393 1485 417 1548 ii
440 1505 577 1567 quoque,
600 1484 656 1567 qui
678 1506 744 1548 non
768 1486 934 1568 gesserint,
956 1487 1082 1569 possint
1102 1508 1162 1569 per

144 1573 276 1638 eandem
304 1573 600 1656 interpretationem
629 1573 669 1636 ab
698 1595 735 1636 ea
763 1576 866 1638 aetate
894 1578 1056 1639 senatores
1084 1575 1160 1660 legi,

144 1685 163 1725 a
186 1684 250 1745 qua
277 1662 341 1725 illis
363 1663 589 1747 magistratum
622 1683 731 1748 gerere
758 1663 950 1745 permissum
979 1667 1040 1747 est3
1073 1664 1160 1746 quod
1176 1692 1204 1732 ι(

145 1751 266 1835 alioqui
294 1752 478 1815 factitatum
509 1750 613 1815 adhue
641 1755 672 1815 et
696 1773 764 1816 esse
791 1753 1005 1817 necessarium
1029 1752 1161 1836 diamur,

145 1841 220 1924 quia
243 1841 285 1905 sit
308 1841 472 1923 aliquanto
491 1839 606 1904 melius
624 1840 835 1905 honestorum
853 1841 1021 1905 hominurn
1039 1842 1160 1906 liberos

109 1946 242 2013 equam
270 1951 287 1993 e
316 1929 410 2013 plebe
443 1929 477 1992 in
506 1930 627 1992 curiam
659 1929 794 1994 admitti.
839 1930 912 2015 Ego
944 1953 963 1994 a
993 1930 1160 1995 destinatis

145 2018 346 2102 censoribus,
376 2018 454 2100 quid
486 2019 651 2103 sentirem,
687 2020 903 2103 interrogatus
934 2041 988 2084 eos
1021 2020 1160 2103 quidem,

146 2108 202 2189 qui
224 2107 363 2170 minores
387 2107 521 2193 triginta
544 2108 635 2171 annis
655 2109 828 2192 gessissent
845 2109 1079 2192 magistratum,
1102 2131 1160 2192 pu·
1175 2137 1204 2177 so

145 2195 254 2259 tabam
272 2217 367 2279 posse
390 2196 425 2258 in
447 2200 593 2260 senatum
617 2199 650 2260 et
668 2196 842 2261 seeundum
861 2197 1000 2261 edietum
1019 2195 1161 2281 Augusti

146 2288 178 2348 et
202 2285 376 2348 seeundum
398 2286 503 2370 legem
517 2283 706 2367 Pompeiam
728 2287 802 2370 legi,
826 2287 978 2369 quoniam
992 2283 1160 2371 Augustus

146 2395 255 2459 gerere
270 2374 476 2459 magistratus
495 2374 673 2438 minoribus
692 2376 783 2439 annis
802 2376 936 2460 triginta
953 2376 1161 2459 permisisset,

145 2464 198 2527 lex
213 2467 393 2527 senatorem
408 2483 477 2527 esse
491 2463 653 2545 voluisset,
677 2464 734 2546 qui
754 2465 906 2548 gessisset
926 2465 1160 2551 magistratum.

110 2550 193 2616 sDe
215 2553 255 2616 iis
280 2555 396 2634 autem,
420 2552 475 2635 qui
497 2573 564 2616 non
582 2552 763 2636 gessissent,
787 2554 933 2635 quamvis
952 2558 1057 2618 essent
1076 2557 1160 2618 aeta-
1174 2580 1202 2621 as

145 2642 187 2705 tis
211 2641 353 2704 eiusdem
384 2641 473 2704 ouius
504 2641 566 2724 iIli,
598 2641 714 2724 quibus
743 2662 852 2727 gerere
881 2643 1073 2725 permissum
1101 2647 1160 2726 est,

144 2730 363 2813 haesitabam3.
379 2752 437 2813 per
461 2729 547 2812 quod
565 2729 715 2793 effoetum
734 2735 792 2814 est,
815 2735 852 2795 ut
869 2734 912 2816 te,
930 2732 1067 2815 domine,
1086 2751 1160 2795 oon-

146 2819 292 2900 suIerem,
316 2818 393 2901 quid
417 2817 581 2881 observari
602 2820 709 2883 velles.
752 2817 865 2903 Capita
887 2821 979 2905 legis,
1000 2824 1071 2884 turn
1095 2821 1159 2884 edi·

146 2910 234 2970 etum
257 2904 397 2990 Augusti
419 2908 535 2971 litteris
559 2908 688 2972 subieci.
926 2909 928 2912 ’

486 3034 601 3093 nm.
626 3031 816 3116 [nxxnu]
1174 3061 1202 3102 (ο

491 3136 663 3186 TRAIANUS
686 3139 815 3186 PLINIO.

211 3215 472 3300 Interpretationi
504 3221 597 3302 tuae,
638 3219 683 3283 mi
716 3217 860 3285 Secunde
893 3221 1054 3284 carissime
1088 3271 1094 3284 .
1120 3272 1158 3285 ..

145 3310 182 3371 ut
200 3307 349 3370 existimo
368 3306 523 3372 haetenus
545 3308 649 3371 edioto
670 3308 735 3372 divi
754 3306 894 3395 Augusti
917 3313 1067 3374 novatam
1088 3331 1159 3374 esse

209 3452 228 3498 1
251 3446 330 3515 quod
347 3445 602 3514 Rimrso.,K.11,
620 3448 828 3517 quseA,K.I.
919 3453 953 3501 10
976 3447 1012 3501 ab
1032 3448 1113 3502 annis
1133 3447 1159 3504 V

117 3515 264 3583 Mpperd,
287 3518 344 3574 ‘dtis
357 3520 430 3592 eyes
442 3519 527 3576 ann!
537 3521 882 3592 p.15n.,itemtofr.80.
933 3523 970 3570 ν(
980 3519 1168 3585 magistram

100 3583 243 3646 AAKI.
321 3597 357 3647 33
379 3596 490 3651 utom.
512 3595 589 3652 KJ.
