2506 3862
147 219 211 286 198
581 219 609 276 0·
628 219 726 274 PHNI

146 405 341 467 quamquam
363 384 519 450 altissime
541 383 693 470 adsurgat
721 389 753 448 et
776 384 983 469 amplissimis
1007 383 1160 469 operibus

144 473 309 538 inarescat.
354 471 431 539 Nou
452 474 560 538 nullus
588 477 620 538 el
643 475 677 537 in
699 474 757 538 illo
779 473 885 556 labor,
907 477 944 538 ui
967 473 1103 538 barbara
1126 478 1161 538 et

144 563 212 626 fera
234 562 380 647 uomina,
411 562 581 647 inprimis
604 563 690 648 regis
712 563 828 646 ipsius,
861 559 988 628 Graecis
1011 562 1160 627 versibus

109 667 126 715 4
145 672 211 715 non
228 652 393 717 resultent.
423 649 486 716 Sed
503 650 586 715 nihil
604 655 661 734 esi,
684 651 771 734 quod
788 672 855 715 uon
872 655 941 716 arte
959 673 1107 735 auraque,
1132 652 1161 716 si

144 740 512 825 nonpotestvinoimiii
535 744 614 804 etur.
637 739 814 823 Praeterea,
823 741 852 805 si
865 741 960 805 datur
968 740 1111 805 Homero
1127 744 1161 805 et
1190 766 1204 808 s

144 830 255 894 mollia
276 830 433 894 voeabula
456 833 488 894 et
507 762 627 894 draeea
649 828 690 893 ad
712 830 876 895 levitatem
900 852 1009 896 versus
1033 833 1160 895 eontra·

143 917 235 1002 here,
265 919 449 1002 extendere,
476 917 651 1002 inflectere,
683 939 740 983 eur
766 918 828 983 tibi
855 919 969 984 similis
999 918 1160 1002 audenhia,

142 1007 331 1091 praesertim
362 1029 429 1071 non
459 1006 608 1090 delicata,
640 1007 696 1072 sed
727 1009 917 1090 necessaria,
948 1030 1014 1072 non
1043 1008 1158 1072 detur?

108 1095 283 1161 oProinde
312 1097 380 1160 iure
412 1100 523 1161 valum
555 1096 712 1162 invocatis
744 1097 793 1162 dis
823 1101 856 1162 et
883 1098 967 1161 iuer
994 1118 1048 1162 eos
1077 1098 1159 1181 ipso,

144 1186 234 1250 ouius
257 1206 318 1268 ros,
337 1206 441 1268 opera,
460 1186 594 1251 consilia
617 1186 760 1250 dicturus
779 1208 822 1270 es,
840 1186 979 1251 immitte
997 1187 1158 1270 rudentes,
1174 1213 1201 1252 no

143 1272 247 1357 pande
269 1274 341 1338 vela
363 1295 414 1358 ae,
445 1275 624 1358 siquando
651 1276 746 1357 alias,
777 1278 847 1340 tolo
876 1275 1005 1361 ingenio
1033 1275 1158 1340 vehere.

108 1359 209 1426 oCur
231 1362 317 1426 enim
340 1384 407 1427 non
429 1385 489 1450 ego
514 1386 642 1448 quoque
664 1365 789 1449 politice
813 1386 887 1429 oum
910 1364 1027 1448 po‘e'ia‘?
1072 1362 1158 1428 Illud

142 1451 208 1514 iam
245 1472 331 1516 nuno
365 1453 528 1537 paoisoor:
563 1454 668 1536 prima
705 1474 865 1536 quaeque,
901 1457 938 1518 ui
973 1453 1158 1536 absolveris,

143 1540 280 1624 mittito,
307 1541 407 1606 immo
431 1543 527 1606 eliam
550 1546 624 1606 anie
647 1564 744 1625 quam
767 1542 928 1625 absolvas,
958 1543 1041 1607 siout
1063 1546 1158 1607 erunt

108 1630 281 1694 srooentia
312 1634 345 1695 ei
371 1631 463 1695 rudia
495 1635 527 1695 et
554 1630 661 1695 adhue
691 1631 808 1695 similia
835 1631 1049 1696 nascentibus.
1085 1631 1158 1696 Re-
1171 1657 1199 1698 ιε

142 1719 313 1802 spondebis
349 1741 416 1783 non
451 1741 546 1804 posse
581 1720 713 1803 perinde
749 1721 885 1804 oarptim
921 1723 959 1783 ut
996 1724 1156 1803 contexta,

140 1809 272 1892 perinde
294 1808 445 1873 inchoata
466 1810 592 1893 plaeere
615 1812 652 1873 ut
674 1808 795 1874 effecta.
828 1807 911 1874 Soio.
942 1807 1056 1893 ltaque
1080 1813 1112 1874 et
1135 1833 1154 1873 a

141 1918 192 1961 me
215 1897 471 1962 aestimabuntur
492 1902 530 1962 ut
548 1903 670 1982 ooepla,
693 1898 925 1982 spectabuntur
947 1903 984 1962 ut
1006 1898 1152 1963 membra

141 1989 380 2069 extremamque
392 1987 504 2050 limam
518 1990 608 2051 luam
623 1988 830 2071 opperientur
843 1988 877 2050 in
895 1988 1013 2051 scrinio
1032 1992 1153 2052 nostro.

140 2072 254 2138 Patere
276 2074 339 2139 hoe
361 2097 413 2138 me
436 2096 531 2162 super
553 2079 658 2140 uetera
680 2075 798 2140 habere
816 2077 935 2141 amoris
958 2077 1008 2140 tui
1025 2078 1154 2162 pignus,
1168 2101 1196 2141 so

105 2176 122 2225 8
141 2165 178 2226 ui
201 2183 238 2226 ea
261 2181 389 2246 quoque
410 2164 530 2246 norim,
557 2186 639 2247 quae
661 2186 755 2230 nosse
778 2166 939 2229 neminem
962 2166 1070 2230 velles.
1115 2163 1155 2230 ln

141 2272 266 2315 summa
289 2255 401 2336 potero
424 2252 560 2317 fumasse
583 2254 701 2337 scripta
724 2257 780 2317 tua
798 2255 901 2339 magis
920 2255 1066 2339 probare,
1087 2255 1155 2318 lau-

141 2339 225 2424 dare,
247 2344 368 2424 quanto
390 2341 447 2404 illa
470 2341 591 2406 tardius
615 2342 812 2425 cautiusque,
835 2343 891 2408 sed
913 2344 1019 2427 ipsum
1038 2347 1071 2408 ie
1089 2365 1156 2408 ma·

140 2429 190 2514 gis
219 2429 335 2494 amabo
363 2431 529 2516 magisque
555 2431 708 2515 laudabo,
740 2435 860 2514 quanto
889 2433 1022 2497 celerius
1053 2437 1085 2497 ei
1108 2434 1156 2495 in·

140 2519 265 2584 cautius
288 2519 422 2583 miseris.
468 2518 557 2584 Vale.
1169 2546 1195 2587 ss

629 2684 665 2742 V.

397 2784 431 2836 (C.
454 2785 594 2833 PLINIUS
619 2784 753 2832 GEMINO
777 2784 843 2833 SUO
867 2784 893 2833 S.

106 2888 120 2935 1
208 2870 310 2939 Grave
332 2876 449 2939 vulnus
472 2874 633 2940 Macrinus
652 2879 762 2939 noster
779 2876 909 2959 aooepit.
939 2873 1059 2941 Amisit
1077 2897 1156 2940 uxo·

140 2982 208 3025 rem
232 2963 403 3048 singularis
426 2964 580 3047 exempli,
613 2964 709 3027 etiam
737 2964 766 3028 si
789 2965 867 3028 olim
894 2964 1016 3030 fuisset.
1062 2963 1154 3029 Vixit

140 3070 214 3114 oum
237 3049 298 3115 hae
320 3052 454 3138 triginta
471 3073 587 3117 novem
606 3053 697 3116 annis
717 3054 785 3116 sine
803 3053 918 3139 iurgio,
937 3054 1005 3119 sine
1024 3055 1153 3119 offensa.
1168 3080 1195 3120 eo

141 3136 244 3214 Quam
268 3138 324 3203 illa
347 3141 558 3205 reverentiam
581 3142 697 3206 marito
721 3163 779 3207 suo
798 3143 968 3225 praestitit,
992 3143 1154 3227 cumipse

141 3249 299 3292 summam
322 3231 509 3293 mereretur!
551 3234 631 3312 quoi
654 3234 853 3312 quantasque
881 3231 1017 3297 viriules
1046 3254 1086 3296 ex
1110 3232 1155 3296 di-

105 3318 240 3383 2versis
269 3318 428 3382 aetatibus
463 3322 607 3402 sumptas
639 3319 771 3405 collegit
799 3322 831 3383 ei
858 3320 1001 3385 miscuit!
1047 3320 1154 3385 Habet

141 3407 270 3488 quidem
283 3406 445 3472 Macrinus
465 3408 584 3494 grande
603 3408 767 3490 solacium,
787 3407 873 3490 quod
892 3413 1018 3472 lantum
1033 3410 1154 3474 bonum

129 3497 198 3557 tarn
221 3495 280 3558 dria
298 3497 419 3582 tenui&
440 3495 498 3562 sed
516 3495 596 3562 hino
613 3497 719 3585 magis
737 3497 957 3579 exaoerbaiur,
972 3499 1061 3578 quod
1077 3499 1154 3561 ami·
1168 3523 1194 3563 ee

106 3577 160 3638 sr't.
207 3580 300 3648 Nam
324 3586 479 3654 suendis
505 3587 741 3676 voluptatibus
770 3587 889 3652 eresoil
917 3584 1051 3647 oarendi
1070 3582 1175 3642 dolor.
