2506 3862
377 203 636 258 EPISTULARUM
653 204 692 258 IV
711 209 824 259 22-25.
1057 203 1119 269 107

103 367 208 432 socios
231 366 350 432 laboris
373 367 566 432 habuissem.
604 365 699 432 Solus
723 390 819 451 eram,
843 367 899 451 qui
922 367 957 432 in
979 370 1119 451 utroque

103 456 264 521 dixissem.
309 455 429 520 Tantas
452 456 676 521 conversiones
704 460 760 521 aut
787 457 947 542 fragilitas
974 457 1120 522 mortali-

102 546 179 610 tatis
203 549 259 609 aut
280 545 429 610 fortunae
451 545 616 610 mobilitas
637 545 725 610 facit.
765 544 902 622 Quidam
926 568 966 610 ex
988 546 1038 629 iis,
1062 546 1119 630 qui
1139 562 1154 612 3

102 638 180 698 tunc
207 637 351 720 egerant,
379 633 595 718 decessenmt,
623 637 754 699 exulant
781 636 850 717 alii,
876 634 954 699 huic
976 638 1064 700 aetas
1088 640 1120 700 et

76 723 255 790 svaletudo
284 723 448 788 silentium
476 724 590 807 suasit,
616 723 673 788 hic
700 728 814 808 sponte
841 723 1028 789 beatissimo
1052 724 1119 789 otio

103 813 231 896 fruitur,
263 813 345 877 alius
377 813 553 877 exercitum
584 813 677 897 regit,
704 814 797 877 illum
826 813 975 878 civilibus
1003 813 1120 878 officiis

102 902 257 986 principis
280 901 422 966 amicitia
441 902 568 966 exemit.
607 899 698 966 Circa
716 902 882 986 nosipsos
901 923 998 986 quam
1017 904 1120 967 multa
1139 919 1155 967 4

102 994 226 1055 mutata
254 993 341 1056 sunt!
315 989 506 1055 tStudiis
537 991 766 1093 processimus,
799 991 913 1057 studiis
945 991 1072 1075 periclit
1058 991 1119 1055 tati

103 1101 213 1145 sumus
244 1101 418 1232 rursusque
445 1080 668 1164 processimus
713 1078 908 1145 Profuerunt
935 1080 1030 1145 nobis
1063 1081 1119 1145 bo·
1138 1099 1155 1147 s

61 1195 90 1236 ro
103 1190 218 1233 norum
251 1169 361 1232 amicit
362 1170 421 1252 iae,
452 1169 611 1234 bonorum
638 1169 865 1234 obfuenmtit
838 1173 1019 1253 lterumque
1046 1191 1120 1271 pro·
1180 1205 1183 1210 ·

104 1261 187 1322 sunt
165 1255 269 1321 tsi
297 1261 417 1341 conput
418 1279 451 1322 es
484 1280 594 1340 annos,
627 1259 781 1343 exiguum
813 1262 948 1343 t,empus
977 1260 1003 1324 si
1034 1259 1120 1324 vices

102 1369 219 1429 rerum,
238 1369 351 1412 aevum
370 1349 478 1430 putes3
502 1347 589 1430 quod
607 1350 715 1431 potest
738 1369 806 1412 esse
825 1348 1018 1413 documento
1036 1349 1120 1412 nihil
1139 1366 1155 1415 6

103 1435 279 1520 desperare,
301 1437 383 1501 nulli
405 1436 453 1500 rei
475 1435 582 1519 fidere,
601 1457 674 1500 cum
697 1436 862 1501 videamus
880 1441 930 1501 tot
948 1438 1119 1502 varietates

102 1528 170 1589 tam
202 1525 338 1589 volubili
371 1525 447 1589 orbe
480 1525 662 1611 circumagi.
708 1525 790 1590 Mihi
822 1529 930 1590 autem
960 1526 1154 1591 familiares

62 1639 90 1681 ιι
104 1617 153 1679 est
180 1635 291 1678 omnes
319 1615 532 1699 cogitationes
562 1636 649 1679 meas
677 1618 784 1679 tecum
813 1614 1048 1679 communicare
1078 1616 1119 1679 is-

104 1703 240 1787 demque
263 1707 296 1766 te
318 1704 370 1767 vel
392 1703 571 1787 praeceptis
593 1705 646 1767 vel
669 1703 824 1787 exemplis
843 1725 981 1785 monere,
1001 1704 1118 1787 quibus

103 1792 172 1876 ipse
195 1814 247 1856 me
270 1814 400 1876 moneo;
424 1814 505 1875 quae
528 1792 611 1856 ratio
634 1792 731 1857 huius
750 1793 906 1876 epistulae
924 1792 995 1856 fuit.
1028 1791 1117 1858 Vale.

562 1956 653 2014 XXV.

287 2056 316 2104 o.
340 2058 480 2106 nmmos
504 2057 629 2105 unssm
654 2058 792 2105 ιιιιιιιιο
817 2057 883 2106 suo
908 2058 934 2106 s.

61 2175 89 2215 ao
170 2146 367 2231 Scripseram
390 2148 451 2212 tibi
479 2146 654 2211 verendum
677 2169 759 2231 esse,
786 2171 826 2212 ne
854 2171 894 2212 ex
921 2149 1028 2213 tacitis
1053 2149 1150 2214 suf-1

102 2238 215 2324 fragiis
234 2237 350 2301 vitium
369 2236 500 2320 aliquod
519 2237 678 2301 existeret.
710 2235 844 2302 Factum
864 2241 921 2302 est.
954 2236 1116 2302 Proximis

103 2327 241 2392 comitiis
269 2327 305 2390 in
332 2325 523 2408 quibusdam
551 2325 680 2390 tabellis
707 2328 810 2391 multa
836 2327 991 2391 iocularia
1021 2330 1118 2409 atque

103 2417 200 2481 etiam
222 2415 317 2480 foeda
341 2414 437 2496 dictu,
461 2415 496 2478 in
518 2437 582 2479 una
605 2437 680 2480 vero
704 2437 763 2498 pro
792 2415 1035 2479 candidatorum
1062 2437 1118 2479 no·

102 2505 244 2569 minibus
272 2504 520 2588 suffragatorum
547 2504 680 2567 nomina
707 2505 838 2578 inuenta
864 2508 946 2568 sunt.
992 2504 1152 2569 Placen-a

62 2618 89 2660 ss
104 2593 175 2656 duit
210 2596 339 2658 senatus
375 2613 558 2677 magnoque
594 2594 733 2657 clamore
770 2593 808 2675 ei,
841 2593 896 2676 qui
929 2593 1117 2676 scripsisset,

102 2682 221 2746 iratum
244 2682 422 2765 principem
445 2683 494 2745 est
517 2685 746 2764 comprecatus.
789 2680 848 2746 lile
871 2685 980 2746 tamen
1001 2682 1118 2746 fefellit

103 2775 135 2836 et
157 2771 262 2854 latuit,
284 2771 421 2836 fortasse
446 2770 544 2834 etiam
572 2770 656 2835 inter
682 2769 887 2856 indignantes
914 2771 985 2835 fuit.
1033 2769 1152 2847 Quida

101 2861 189 2924 hunc
210 2863 362 2943 putamus
386 2859 473 2923 domi
495 2858 608 2942 facere,
633 2860 689 2943 qui
711 2860 746 2923 in
773 2863 863 2924 tanta
885 2882 920 2924 re
942 2864 1009 2923 tam
1033 2861 1116 2924 serio

102 2953 248 3033 tempore
270 2952 337 3012 tam
361 2948 537 3013 scurriliter
558 2947 658 3031 ludat,
682 2949 738 3032 qui
761 2948 899 3032 denique
927 2949 1058 3013 omnino
1082 2950 1118 3013 in

62 3065 89 3105 ao
104 3042 217 3104 senatu
240 3037 333 3101 dicax
355 3042 388 3102 et
410 3037 551 3101 urbanus
573 3040 605 3100 et
623 3037 728 3102 bellus
751 3038 820 3102 est?
856 3036 996 3102 Tantum
1019 3039 1116 3103 licen·
1135 3055 1152 3103 4

103 3129 167 3192 tiae
180 3127 288 3211 pravis
302 3127 441 3212 ingeniis
455 3125 553 3190 adicit
566 3126 623 3189 illa
641 3125 770 3190 fiducia:
795 3127 879 3209 ‘quis
899 3127 984 3191 enim
1004 3126 1115 3192 sciet?'

103 3216 297 3318 Poposcitt
241 3215 506 3297 attbellam,st
492 3215 587 3278 tilum
615 3215 751 3298 aceepit,
779 3215 907 3280 demisit
893 3219 1040 3298 tcaput
1063 3237 1116 3280 ne-

103 3306 222 3369 minem
241 3307 377 3388 veretur,
397 3326 430 3369 se
449 3307 524 3368 cont
525 3304 634 3368 emnit.
612 3301 806 3368 tlndet
763 3308 806 3368 rst
807 3327 825 3368 a
843 3304 983 3369 ludibria
1002 3325 1115 3379 scaena

103 3395 284 3478 etpulpito
308 3355 414 3479 digiae
460 3391 586 3469 Quota
608 3395 736 3458 vertas?
764 3415 846 3477 quae
872 3393 1013 3458 remedia
1042 3409 1150 3456 eon-s

166 3592 184 3638 a
200 3586 246 3638 lu's
265 3587 412 3656 MVFD,
432 3589 505 3647 KJ.
584 3597 620 3649 ιι
640 3591 774 3650 tabellas
796 3592 954 3659 RDpru,
971 3583 1042 3638 Ouo
1054 3579 1127 3630 aul.
