2506 3862
125 165 190 230 232
560 163 588 218 O.
607 163 704 218 PLINI

125 330 227 393 mium
251 329 310 392 sub
335 332 391 413 opt
392 328 458 392 imo
481 328 638 412 principe,
666 329 752 411 quod
780 351 799 392 a
825 329 964 413 pessimo
993 327 1138 411 accepit?

126 417 243 482 Postea
265 417 423 482 actionem
446 439 560 502 meam,
582 421 757 500 utcumque
779 418 880 501 potui,
903 417 1061 502 recollegi,
1085 416 1139 480 ad-

72 526 107 576 24
127 507 193 571 didi
216 508 327 572 multe.
368 506 496 572 Accidit
482 468 698 591 rfo’rruirum,
722 507 777 571 sed
799 529 866 570 non
887 511 1052 608 tamquam
1073 505 1139 569 for-

125 597 189 661 tuit
189 619 255 680 um,
278 597 365 680 quod
388 596 462 660 edit'
439 600 481 660 trs
501 596 592 659 libris
606 593 786 661 Certusint
738 599 822 659 mtra
839 595 1050 679 paucissimos
1070 594 1138 658 dies

72 704 106 754 25
126 685 290 770 inplicitus
306 686 419 750 morbo
439 685 581 750 decessit.
605 682 725 748 Audivi
738 685 911 749 referentes
924 684 1007 748 hanc
1025 684 1139 769 imagi-
1167 712 1180 754 5

125 796 199 839 nem
219 775 319 839 menti
338 774 415 858 eius,
433 774 516 838 hanc
535 775 636 838 oculis
651 774 824 858 oberrasse,
836 778 1001 857 tamquam
1015 772 1139 837 videret

126 886 178 927 me
201 864 263 928 sibi
286 884 359 928 cum
382 863 466 927 ferro
490 863 666 927 imminere.
711 862 836 927 Verane
859 862 946 946 haec,
970 861 1138 926 adfirmare

124 974 191 1017 non
213 953 330 1038 ausim3
352 952 486 1016 interest
507 956 617 1016 tamen
639 952 787 1037 exempli,
809 957 847 1016 ut
864 973 939 1015 vera
961 951 1137 1014 videantur.

71 1061 106 1110 26
192 1040 300 1106 Habes
320 1041 500 1142 epistulam,
519 1042 547 1104 si
566 1042 697 1105 modum
717 1042 872 1126 epistulae
886 1040 1018 1126 cogites,
1035 1040 1138 1122 libris,

126 1152 206 1214 quos
238 1130 343 1216 legist
335 1153 362 1214 1,
393 1151 460 1194 non
491 1131 661 1214 minorem,
694 1131 749 1195 sed
781 1130 944 1214 imputabis
975 1129 1051 1212 tibi,
1081 1129 1137 1212 qui
1153 1158 1180 1198 ιο

125 1223 295 1284 contentus
317 1219 408 1283 libris
431 1241 497 1283 non
519 1220 619 1284 fuisti.
664 1217 755 1284 Vale.

392 1486 419 1533 C.
443 1485 581 1533 PLINIUS
591 1384 733 1532 {IRITO
754 1485 819 1533 SUO
845 1485 870 1533 S.

165 1573 260 1640 ‘Nea
286 1575 356 1659 ipse
382 1576 443 1640 tibi
470 1575 611 1659 plaudis,
638 1579 670 1639 et
693 1596 753 1660 ego
775 1574 859 1637 nihil
886 1574 988 1659 magis
1012 1594 1052 1636 ex
1074 1573 1139 1637 fide

127 1686 223 1747 quam
256 1665 294 1728 de
324 1669 357 1729 te
389 1665 502 1729 scribo
549 1663 690 1730 Posteris
718 1685 759 1727 an
786 1664 894 1746 aliqua
921 1684 996 1728 cura
1025 1663 1138 1746 nostri,
1152 1691 1180 1732 rs

124 1755 242 1839 neseio,
264 1776 324 1818 nos
348 1759 433 1818 certe
456 1775 623 1836 meremur,
646 1757 683 1817 ut
706 1753 749 1817 sit
771 1753 888 1836 aliqua,
909 1774 976 1816 non
995 1752 1067 1816 dico
1090 1752 1138 1815 in-

124 1843 219 1928 genio
244 1840 292 1929 (id
314 1844 400 1907 enim
424 1840 621 1929 superbum),
645 1843 700 1907 sed
724 1841 830 1906 studio
855 1847 887 1905 et
908 1842 1018 1905 labore
1042 1845 1074 1905 et
1091 1863 1139 1904 re-

124 1932 267 1996 verentia
288 1936 500 2015 posterorum.
533 1931 707 2017 Pergamus
727 1931 823 1995 modo
841 1931 955 1996 itinere
978 1930 1138 2013 instituto,

125 2021 271 2104 quodue
293 2041 412 2104 paucos
435 2021 469 2083 in
486 2021 592 2085 lucem
609 2021 794 2104 famamque
816 2019 964 2104 provexit
986 2020 1033 2083 ita
1055 2020 1137 2083 mul-

125 2112 175 2173 tos
199 2130 216 2172 e
239 2109 382 2173 tenebris
405 2113 437 2173 et
461 2109 589 2173 silentio
613 2110 757 2193 protulit.
802 2108 891 2172 Vale.
1151 2136 1179 2176 ro

598 2273 661 2332 XV.

378 2374 405 2422 c.
428 2374 567 2422 ruimus
591 2374 744 2421 rinconi
768 2373 832 2422 suo
857 2374 883 2422 s.

89 2481 103 2529 1
189 2463 383 2550 Refugeram
401 2464 436 2528 in
455 2463 586 2547 Tuscos,
604 2469 641 2528 ut
660 2464 767 2528 omnia
785 2465 825 2528 ad
843 2464 1010 2528 arbitrium
1029 2485 1138 2527 meum

124 2553 269 2617 facerem.
302 2551 427 2618 Athoc
449 2575 489 2617 ne
513 2554 547 2617 in
564 2553 677 2618 Tuscis
701 2553 843 2637 quidem,
866 2557 932 2617 tam
951 2553 1062 2617 multis
1080 2575 1139 2616 un-

124 2642 220 2725 dique
252 2643 445 2708 rusticorum
477 2643 598 2708 libellis
629 2646 661 2706 et
692 2647 760 2707 tam
793 2641 934 2726 querulis
966 2641 1138 2725 inquietor,
1152 2667 1178 2708 ss

124 2752 204 2813 quos
233 2732 397 2815 aliquanto
425 2733 527 2818 magis
555 2731 675 2796 invitus
704 2753 799 2814 quam
828 2753 916 2796 meos
943 2732 1030 2816 leg03
1062 2753 1138 2794 nam

89 2823 157 2883 sec
180 2841 268 2884 meos
291 2821 422 2885 invitus.
467 2820 619 2886 Retracto
644 2821 729 2884 enim
752 2820 951 2885 actiunculas
974 2820 1139 2903 quasdam,

126 2908 213 2991 quod
244 2912 318 2992 post
349 2910 619 2995 intercapedinem
655 2910 810 2993 temporis
847 2914 880 2973 et
914 2909 1068 2995 frigidum
1105 2912 1137 2972 et

124 2997 275 3062 acerbum
298 3001 354 3062 est.
394 2998 548 3064 Rationes
572 2999 664 3082 quasi
687 2999 817 3064 absente
840 3020 892 3063 me
914 2999 1137 3084 negleguntur.

89 3101 105 3151 a
124 3084 291 3150 interdum
314 3090 422 3150 tamen
445 3109 563 3171 equum
586 3088 764 3153 conscendo
795 3092 828 3152 et
849 3091 974 3171 patrem
996 3088 1137 3153 familiae
1151 3111 1179 3154 ac

124 3175 279 3239 hactenus
302 3197 377 3260 ego,
405 3177 492 3260 quod
520 3177 660 3260 aliquam
688 3182 812 3260 partem
834 3176 1053 3261 praediorum,
1082 3178 1137 3241 sed

124 3285 183 3348 pro
207 3265 386 3350 gestatione
408 3287 568 3349 percmrc.
608 3265 658 3329 Τιι
682 3265 945 3330 consuetudinem
969 3287 1060 3330 serra
1082 3288 1137 3330 no-

127 3353 240 3436 bisque
265 3354 310 3418 sic
333 3354 460 3419 rusticis
483 3355 605 3418 urbana
629 3358 699 3419 acta
721 3355 890 3440 perscribe.
936 3353 1025 3419 Vale.

172 3548 191 3594 ὅ
210 3544 323 3602 rideret
337 3547 509 3607 Helvidium
527 3550 709 3624 respondero
727 3548 803 3605 mihi
822 3549 929 3619 Dprc.
