2506 3862
393 194 650 249 EPISTULARUM
668 195 693 249 V
712 200 824 249 17-19.
1050 193 1114 260 135

103 357 132 424 δ’
161 358 210 436 ὣς
237 361 346 442 ἤπιος
369 353 454 441 ἧεν’
488 362 521 422 et
549 357 613 422 hoc
642 362 788 424 nostrum
819 357 922 442 ‘pater
950 358 1113 424 familiae'.

103 448 198 525 Quod
225 449 253 512 si
281 470 383 513 essem
414 452 530 512 natura
560 448 704 532 asperior
733 451 776 512 et‘
796 448 919 532 durior,
950 449 1114 533 frangeret

102 559 153 601 me
185 541 295 601 tamen
325 537 495 601 infirmitas
526 536 635 601 liberti
666 536 730 600 mei
760 535 898 620 Zosimi,
934 537 986 601 cui
1022 540 1114 601 tanto

102 626 206 690 maior
218 624 402 691 humanitas
419 625 598 690 exhibenda
616 628 674 708 est,
692 629 813 709 quanto
832 647 918 690 nuno
936 624 993 690 illa
1011 626 1114 711 magis

75 719 183 801 seget.
230 713 338 780 Homo
361 715 491 799 probus,
515 715 693 797 officiosus,
715 713 890 800 litteratus;
913 719 946 780 et
968 737 1019 779 ars
1046 716 1115 797 qui-
1134 729 1150 778 3

102 805 175 869 dem
199 804 266 868 eius
295 809 327 869 et
350 804 441 887 quasi
464 804 631 887 inscriptio
656 803 841 887 comoedus,
868 804 903 867 in
926 825 990 887 qua
1016 803 1115 887 pluri·

102 916 191 957 mum
218 893 305 958 facit.
350 892 435 957 Nam
462 893 651 975 pronuntiat
678 893 806 976 acriter,
834 893 1008 977 sapienter,
1032 896 1115 976 apte,

102 982 251 1047 decenter
281 982 393 1067 etiem,
425 983 529 1046 ut'tur
556 985 588 1046 et
612 980 735 1046 cithare
762 983 877 1065 perite,
909 983 1115 1064 ultraquam

102 1072 256 1136 comoedo
280 1093 408 1136 necesse
427 1075 483 1135 est.
514 1068 603 1135 Idem
626 1074 693 1134 tam
713 1071 880 1136 commode
903 1075 935 1136 et
954 1072 1115 1135 orationes

62 1187 88 1228 ιο
102 1165 134 1225 et
156 1160 308 1225 historias
332 1165 364 1225 et
388 1161 530 1224 carmina
551 1160 645 1246 legit,
677 1163 714 1224 ut
740 1158 804 1224 hoc
833 1160 939 1226 solum
967 1161 1115 1225 didicisse

101 1249 255 1314 videatur.

104 1340 108 1350 ’
169 1337 258 1404 Haec
280 1338 341 1403 tibi
365 1338 475 1403 sedulo
499 1338 647 1421 exposui,
671 1359 734 1421 quo
758 1339 861 1424 magis
885 1339 995 1422 scires,
1018 1360 1115 1422 quem
1134 1353 1151 1400 4

102 1428 205 1492 multe
234 1450 317 1493 unus
350 1427 431 1491 mihi
462 1431 493 1492 et
523 1449 620 1510 quam
650 1426 789 1492 iucunda
819 1427 997 1492 ministeria
1026 1449 1115 1511 prae·

103 1521 210 1582 staret.
247 1516 382 1581 Accedit
404 1516 504 1602 longa
526 1516 591 1580 iam
615 1515 730 1581 ceritas
753 1515 904 1598 hominis,
928 1538 1025 1599 quam
1044 1516 1115 1600 ipsa

63 1631 88 1673 rs
103 1607 245 1690 pericula
273 1608 439 1670 auxerunt.
486 1604 546 1670 Est
570 1606 655 1669 enim
678 1605 724 1669 ite
747 1608 862 1669 natura
885 1609 1115 1688 comparatum,
1134 1618 1150 1666 5

102 1699 139 1758 ut
161 1695 245 1759 nihil
267 1717 367 1778 aeque
390 1716 533 1759 amorem
556 1694 669 1758 incitet
696 1698 728 1758 et
756 1694 908 1758 accendat
941 1715 1037 1777 quam
1066 1714 1115 1759 ca·

103 1784 193 1847 rendi
207 1788 325 1868 metus3
345 1805 440 1867 quem
455 1805 515 1870 ego
531 1805 590 1867 pro
608 1782 671 1846 hoo
690 1804 756 1847 non
775 1782 874 1847 semel
892 1783 1006 1866 patior.
1030 1779 1116 1846 Nam
1135 1798 1151 1846 e

103 1876 177 1935 ante
201 1873 324 1956 aliquot
350 1895 465 1956 annos,
489 1871 565 1936 dum
588 1873 711 1936 intente
734 1871 954 1955 instanterque
977 1891 1117 1955 pronun-

105 1962 177 2042 tiet,
209 1963 398 2046 sanguinem
429 1961 540 2025 reiecit
571 1965 668 2043 atque
701 1960 742 2024 ob
772 1961 835 2024 hoo
866 1961 900 2024 in
930 1959 1116 2045 Aegyptum
1233 2016 1236 2021 .

63 2050 220 2116 remissus
244 2073 263 2113 a
285 2072 336 2113 me
355 2054 430 2134 post
447 2048 580 2135 longam
598 2049 887 2134 peregrinationem
909 2049 1116 2113 confirmatus

103 2139 198 2203 rediit
224 2161 342 2223 nuper,
375 2139 501 2221 deinde,
534 2139 610 2202 dum
642 2160 700 2221 per
728 2139 898 2203 continuos
929 2138 996 2204 dies
1019 2139 1115 2202 nimis

104 2229 243 2312 imperat
265 2227 346 2309 voci,
375 2228 491 2293 veteris
521 2227 718 2292 infirmitatis
748 2227 903 2292 tussicula
932 2227 1115 2292 admonitus

103 2338 213 2381 rursus
244 2317 432 2400 sanguinem
461 2316 608 2381 reddidit.
663 2313 732 2391 Qua
762 2338 801 2380 ex
831 2337 926 2380 cause
959 2317 1151 2380 destinavi?

105 2428 177 2470 cum
201 2406 329 2470 mittere
357 2406 391 2469 in
414 2405 544 2489 praedia
570 2409 636 2488 tue,
664 2426 745 2489 quae
768 2405 853 2470 Foro
876 2403 940 2469 luli
962 2404 1115 2488 possides.
1144 2404 1147 2410 ’

64 2520 90 2560 aa
106 2493 226 2558 Audivi
258 2495 344 2559 enim
375 2498 408 2558 te
445 2516 540 2578 saepe
575 2495 764 2560 referentem
798 2517 867 2559 esse
899 2494 945 2558 ibi
978 2497 1011 2558 et
1044 2498 1117 2557 adra

105 2583 264 2647 salubrem
283 2587 315 2648 et
337 2583 388 2647 lac
407 2583 564 2648 eiusmodi
587 2583 804 2648 curationibus
827 2583 1117 2648 accommodatissi-

105 2694 201 2736 mum.
243 2671 339 2758 Rogo
356 2694 443 2758 ergo,
467 2673 587 2736 scribas
610 2673 685 2756 tuis,
706 2676 743 2736 ut
765 2673 816 2736 illi
838 2673 924 2754 villa,
947 2676 984 2735 ut
1003 2672 1116 2736 domus
1136 2686 1152 2734 8

104 2765 226 2844 pateat,
259 2761 394 2826 offerant
422 2762 533 2844 etiam,
565 2761 748 2845 sumptibus
777 2762 843 2826 eius
872 2762 899 2826 si
928 2761 1005 2843 quid
1035 2781 1117 2845 opus

104 2850 178 2935 erit,
210 2850 270 2914 erit
316 2854 404 2915 utem
429 2872 510 2933 opus
533 2850 669 2915 modice.
715 2848 776 2914 Est
803 2851 888 2915 enim
911 2854 979 2914 tem
1002 2865 1152 2934 parcuse
1226 2908 1228 2913 ,

63 2965 91 3006 ao
105 2943 137 3003 et
160 2940 341 3022 continens,
364 2944 489 3004 utnon
513 2941 618 3004 solum
642 2939 786 3023 delicies,
809 2960 920 3004 verum
944 2940 1040 3003 etiam
1064 2962 1117 3003 ne-

105 3029 268 3093 cessitates
291 3028 484 3093 valetudinis
507 3029 694 3113 frugalitate
722 3028 903 3114 restringat.
948 3027 1020 3114 Ego
1044 3048 1117 3112 pro-

104 3118 260 3182 ficiscenti
287 3122 412 3182 tantum
437 3118 547 3182 viatici
571 3117 661 3201 dabo,
686 3121 841 3201 quantum
865 3117 1004 3181 sufficiat
1028 3117 1118 3181 eunti

105 3207 139 3270 in
162 3211 226 3270 tua.
272 3205 361 3271 Vale.
