2506 3862
153 209 219 274 206
589 207 617 263 C.
637 207 734 262 PLINI

152 376 261 437 temen
283 373 335 437 vel
357 372 487 458 ingenio
510 371 651 436 hominis
674 371 890 456 pulcherrimo
914 375 947 435 et
969 375 1111 436 maximo
1133 376 1168 436 et

152 462 186 525 in
209 482 335 526 summa
356 462 524 526 severitate
543 460 728 526 dulcissimo
747 461 799 525 vel
815 459 985 525 honestate
1003 461 1167 526 materiae.

153 549 273 615 Scribit
300 551 404 616 exitus
432 551 617 616 inlustrium
644 550 795 633 virorum,
822 551 857 613 in
883 549 935 614 his
963 548 1167 633 quorundam

116 639 233 704 smihi
260 640 506 705 carissimorum.
552 637 673 703 Videor
705 660 781 724 ergo
810 638 904 724 fungi
934 638 989 722 pio
1022 661 1165 723 munere,

20 795 23 800 ,
152 750 353 812 quorumque
372 729 538 812 exsequias
558 727 717 792 celebrare
734 749 801 791 non
818 727 920 811 licuit,
935 727 1052 792 horum
1072 729 1166 810 quasi
1194 754 1207 795 ι

149 818 340 883 funebribus
357 816 597 882 laudationibus
616 817 694 882 seris
714 814 853 900 quidem,
871 815 927 880 sed
945 819 1036 880 tanto
1059 818 1164 903 magis

150 908 234 972 veris
256 907 417 972 interesse.
454 905 544 971 Vale.

613 1070 695 1130 XIII.

408 1171 436 1218 c.
459 1171 598 1219 numos
624 1170 768 1218 anunm
792 1170 857 1219 suo
881 1170 908 1218 s.

115 1278 128 1325 1
216 1259 332 1344 Probe,
356 1260 443 1344 quod
464 1261 592 1325 libellos
613 1282 702 1325 meos
726 1281 798 1324 oum
821 1263 913 1344 patre
935 1261 1052 1347 legisti.
1088 1259 1162 1326 Per·
1178 1288 1204 1328 ro

149 1349 231 1414 tinet
258 1349 299 1413 ad
325 1350 506 1433 profectum
529 1354 621 1414 tuum
649 1372 668 1412 a
695 1348 905 1414 disertissimo
933 1350 1003 1413 viro
1032 1349 1162 1434 discere,

150 1437 228 1521 quid
250 1438 455 1523 laudandum,
478 1438 556 1523 quid
583 1437 887 1522 reprehendendum,
915 1438 1012 1503 simul
1041 1440 1088 1503 ita
1115 1441 1162 1504 in-

113 1527 250 1611 astitui,
271 1531 309 1592 ut
331 1551 442 1593 verum
466 1527 569 1592 dicere
593 1526 768 1592 adsuesces.
810 1526 918 1610 Vides,
942 1549 1038 1610 quem
1061 1529 1161 1613 sequi,

150 1617 240 1682 ouius
264 1617 379 1682 debeas
402 1618 524 1701 inplere
546 1617 691 1702 vestigia.
737 1614 764 1680 0
788 1619 820 1681 te
843 1616 983 1698 beatum,
1012 1617 1064 1680 cui
1087 1638 1161 1681 con-

148 1706 224 1792 tigit
246 1706 356 1771 vivum
384 1710 480 1790 atque
507 1705 592 1769 idom
621 1706 779 1790 optimum
807 1709 840 1770 et
863 1705 1160 1771 coniunctissimum
1176 1732 1202 1773 rs

148 1797 324 1879 exemplar,
361 1795 417 1879 qui
449 1794 585 1879 denique
618 1817 691 1859 eum
726 1794 931 1878 potissimum
968 1794 1160 1860 imitandum

148 1883 256 1967 habes,
280 1885 332 1949 cui
354 1887 469 1948 natura
492 1906 560 1949 csse
583 1886 615 1948 te
638 1883 839 1948 simillimum
862 1883 979 1948 voluit!
1016 1883 1106 1948 Vale.

614 2048 693 2110 XIV.

398 2131 587 2198 cyreneus
610 2147 774 2196 xnrssour
797 2148 863 2197 suo
888 2149 914 2198 s,

113 2252 128 2301 1
215 2237 296 2303 Cum
329 2239 372 2304 sis
403 2239 617 2323 peritissimus
650 2243 682 2303 et
712 2239 871 2341 privati
862 2240 941 2304 iuris
969 2243 1001 2304 et
1027 2240 1160 2324 publici,
1173 2266 1200 2308 so

148 2328 238 2393 cuius
269 2349 343 2412 pars
376 2329 571 2393 senatorium
603 2332 660 2412 cst,
692 2328 786 2412 cupio
819 2351 859 2392 ex
890 2332 923 2392 te
953 2329 1159 2431 potissimum

147 2417 265 2500 audire,
288 2416 459 2481 erraverim
482 2417 516 2480 in
539 2421 651 2481 senatu
673 2417 819 2501 proxime
841 2437 950 2500 necne,
977 2439 1043 2481 non
1065 2419 1134 2482 ut
1124 2441 1160 2482 m

146 2467 355 2591 praeteritum
385 2503 506 2593 (serum
536 2502 646 2592 enim),
675 2528 787 2570 verum
817 2507 917 2570 utin
946 2506 1101 2590 futurum,
1131 2508 1159 2572 si

111 2595 225 2679 aquid
255 2595 359 2661 simile
388 2595 546 2679 inciderit,
576 2595 709 2660 erudiar.
761 2595 871 2660 Dices:
910 2593 991 2659 (lur
1023 2596 1158 2679 quaeris,

147 2684 233 2767 quod
255 2706 350 2750 nosse
373 2684 548 2749 debebas?'
588 2682 737 2748 Priorum
760 2688 942 2768 temporum
966 2686 1102 2749 servitus
1120 2689 1198 2752 utss

146 2773 281 2837 aliarum
314 2773 508 2858 optimarum
540 2775 658 2838 artium
690 2774 736 2839 sic
767 2773 864 2838 etiam
896 2772 974 2838 iuris
1006 2774 1158 2838 senatorii

111 2875 127 2923 3
147 2861 342 2927 oblivionem
366 2861 525 2946 quandam
549 2866 581 2927 et
602 2862 837 2949 ignorationem
860 2861 996 2926 induxit.
1033 2860 1158 2938 Quotus

147 2950 232 3014 enim
260 2951 395 3034 quisque
423 2955 489 3016 tam
516 2952 651 3035 patiens,
677 2954 716 3016 ut
742 2952 821 3016 velit
848 2951 977 3034 discere,
1005 2951 1092 3034 quod
1123 2952 1158 3015 in

145 3060 206 3103 usu
229 3060 295 3103 non
313 3040 356 3104 sit
374 3039 563 3105 habiturus?
599 3037 700 3125 Adde,
719 3041 806 3124 quod
824 3040 955 3104 difficile
974 3043 1022 3105 est
1040 3045 1157 3124 tenere,

146 3149 228 3211 quae
251 3128 418 3211 acceperis,
440 3129 504 3193 nisi
527 3149 681 3194 exerceas.
725 3127 839 3214 Itaque
866 3129 998 3194 reducta
1024 3130 1197 3198 libertasse

144 3216 240 3282 rudes
262 3238 321 3282 nos
345 3221 378 3281 et
394 3218 549 3302 inperitos
568 3218 790 3303 deprehendit,
812 3219 903 3283 cuius
922 3217 1088 3284 dulcedine
1107 3240 1157 3283 ac·

110 3306 233 3371 acensi
246 3307 402 3392 'cogimur
424 3307 580 3390 quaedam
602 3307 706 3373 facere
729 3311 803 3373 ante
822 3329 919 3392 quam
936 3329 1039 3372 nosse.
1076 3307 1156 3374 Erat

145 3398 253 3460 autem
276 3396 455 3479 antiquitus
477 3396 672 3481 institutum,
694 3400 732 3461 ut
754 3419 773 3461 a
791 3397 966 3462 maioribus
988 3400 1067 3461 natu
1089 3418 1156 3461 non

181 3587 474 3656 2713morationem.
496 3614 524 3665 a,
545 3592 749 3668 ignorantiam
772 3593 817 3660 Μ,
836 3590 876 3645 K·
