2506 3862
129 230 194 294 356
565 229 593 283 6.
612 228 710 282 PLINI

76 392 122 458 66
193 391 271 456 Non
301 394 458 477 transilui,
490 396 597 476 patres
630 393 817 476 conscripti,
848 392 1003 476 principis
1035 394 1147 457 nostri

129 481 347 565 consulatum,
375 483 430 546 sed
457 482 592 546 eundem
620 482 655 544 in
681 484 789 547 locum
820 482 954 564 contuli,
982 481 1146 565 quidquid

129 570 167 634 de
190 572 258 635 iure
281 571 415 637 iurando
434 572 603 636 dicendum
622 575 698 634 erat.
734 570 848 652 Neque
866 571 951 634 enim
970 574 1006 634 ut
1025 571 1062 634 in
1081 576 1145 635 ste—

127 660 181 723 rili
203 660 373 744 ieiunaque
397 663 529 725 materia
552 660 684 724 eandem
708 661 845 743 speciem
866 660 970 723 laudis
990 660 1144 724 diducere

93 768 165 815 aaa
188 770 336 834 spargere
360 755 455 832 atque
478 749 653 813 identidem
671 753 807 813 tractare
827 748 986 812 debemus.
1022 747 1144 813 11111111-
1171 777 1182 816 r

127 841 178 901 rat
191 839 313 921 primus
332 840 517 903 consulatus
535 839 585 903 tui
603 838 679 921 dies,
698 860 761 921 quo
780 842 817 902 tu
835 840 956 902 curiam
974 839 1143 923 ingressus

127 948 213 990 nunc
236 928 389 1012 singulos,
412 949 496 991 nuno
519 929 685 992 universos
708 926 897 991 adhortatus
921 949 954 991 es
977 949 1143 1008 resumere

127 1016 318 1100 libertatem,
351 1037 513 1099 capessere
546 1017 638 1099 quasi
667 1017 846 1080 eommunis
878 1017 1004 1099 imperii
1037 1037 1143 1099 curas,

93 1105 296 1190 uinvigilare
327 1105 464 1189 pubheis
501 1105 696 1170 utilitatibus
728 1108 760 1168 et
790 1107 963 1191 insurgere.
1018 1102 1142 1170 Omnes

127 1196 201 1256 ante
224 1199 256 1257 te
279 1194 389 1258 eadem
408 1195 470 1257 ista
488 1195 645 1277 dixerunt,
663 1195 783 1258 nemini
802 1200 910 1258 tamen
928 1198 1001 1257 ante
1020 1197 1053 1258 te
1073 1217 1181 1263 cre-1⁰

128 1282 231 1345 ditum
255 1287 310 1346 est.
347 1283 448 1348 Erant
467 1284 526 1347 sub
546 1284 647 1348 oeulis
666 1284 833 1368 naufragia
852 1285 1036 1365 multorum,
1055 1305 1140 1367 quos

127 1371 280 1434 insidiosa
298 1374 530 1455 tranquillitate
548 1375 715 1455 provectos
734 1374 927 1454 improvisus
948 1372 1043 1436 turbo
1067 1395 1141 1457 per-

128 1458 255 1524 culerat.
289 1459 382 1536 Quod
400 1464 485 1526 enim
503 1467 570 1526 tarn
589 1462 723 1525 infidum
742 1483 828 1526 mare
848 1484 943 1544 quam
961 1462 1140 1526 blanditiae

127 1550 308 1633 principum
332 1551 470 1633 illorum,
489 1551 605 1633 quibus
628 1554 718 1615 tanta
735 1552 859 1634 levitas,
877 1554 968 1615 tanta
983 1551 1081 1632 fraus,
1101 1555 1140 1615 ut

126 1638 253 1702 facilius
277 1644 360 1703 esset
383 1641 481 1705 iratos
507 1662 603 1722 quam
626 1641 784 1723 propitios
807 1640 945 1704 habere?
991 1639 1036 1703 Te
1059 1662 1138 1704 vero
1155 1668 1179 1707 15

91 1749 108 1797 4
128 1728 230 1791 securi
253 1733 285 1791 et
308 1727 436 1812 alacres,
460 1751 523 1813 quo
547 1749 650 1811 vocas,
674 1730 844 1811 sequimur.
885 1728 980 1793 Iubes
1008 1751 1077 1792 esse
1101 1729 1139 1792 li-

127 1816 234 1900 beros3
248 1818 379 1903 erimus3
394 1818 494 1901 iubes,
504 1840 584 1902 quae
599 1818 763 1899 sentimus,
772 1839 918 1901 promere
932 1819 966 1880 in
980 1818 1138 1903 medium3

126 1906 332 1988 proferemus.
378 1907 491 1990 Neque
523 1908 608 1971 enim
641 1906 745 1970 adhuc
776 1907 906 1991 ignavia
938 1907 1074 1990 quadam
1105 1911 1139 1972 et

126 1995 224 2057 insito
252 1999 382 2078 torpore
410 1998 616 2079 cessavimus3
639 2001 741 2059 terror
768 2000 800 2059 et
827 1999 932 2060 metus
959 1999 991 2060 et
1018 1997 1139 2061 misera

126 2082 183 2146 illa
206 2106 245 2146 111
268 2085 416 2166 periculis
439 2086 524 2149 facta
546 2085 715 2169 prudentia
738 2085 898 2167 monebat,
920 2088 957 2147 ut
980 2107 998 2146 a
1020 2106 1055 2147 re
1077 2107 1137 2170 pu·
1152 2114 1178 2152 ao

126 2171 211 2235 blica
238 2169 341 2257 (nulla
368 2177 436 2237 erat
463 2178 569 2238 autem
598 2174 728 2238 omnino
759 2196 810 2238 res
838 2171 980 2259 publica)
1015 2175 1138 2256 oculos,

11 2284 19 2293 ··
92 2281 227 2345 usuras,
249 2263 373 2325 animos
396 2268 618 2327 averteremus.
649 2261 695 2326 At
717 2285 803 2327 nuno
825 2267 882 2326 tua
905 2263 1034 2326 dextera
1056 2264 1136 2326 tuis-

40 2361 64 2404 ’κ
126 2371 189 2433 que
205 2351 371 2433 promissis
389 2352 464 2416 freti
487 2357 519 2416 et
541 2352 644 2416 innixi
663 2352 816 2435 obsaepta
834 2353 957 2415 diutina
983 2352 1137 2416 servitute

127 2460 183 2502 ora
204 2461 382 2504 reseramus
404 2441 624 2524 frenatamque
649 2444 699 2504 tot
721 2442 814 2504 malis
837 2442 981 2526 linguam
1005 2442 1138 2504 resolvi·

126 2551 206 2592 mus.
243 2527 302 2592 Vis
326 2530 410 2593 enim
434 2531 514 2594 tales
538 2551 697 2612 essenos,
725 2531 834 2612 quales
862 2529 962 2611 iubes,
988 2528 1136 2612 nihilque
1151 2558 1176 2597 ss

126 2617 403 2682 exhortationibus
435 2620 499 2682 tuis
531 2618 688 2701 fucatum,
720 2618 802 2682 nihil
834 2618 1019 2700 subdolum,
1051 2619 1136 2682 nihil

126 2706 271 2789 denique,
299 2709 384 2789 quod
412 2708 592 2772 credentem
619 2706 730 2772 fallere
752 2711 842 2791 paret
869 2729 935 2771 non
962 2707 1029 2770 sine
1053 2709 1136 2789 peri-

127 2795 198 2858 culo
234 2795 383 2860 fallentis.
436 2796 549 2879 Neque
586 2795 670 2860 enim
707 2818 860 2879 umquam
897 2797 1047 2879 deceptus
1085 2799 1135 2860 est

126 2883 283 2967 princeps,
305 2885 368 2948 nisi
392 2887 448 2968 qui
469 2887 558 2969 prius
581 2886 649 2968 ipse
673 2886 804 2968 decepit.

73 2971 117 3036 67
191 2971 350 3054 Equidem
382 2974 468 3038 hunc
500 2975 642 3057 parentis
674 2975 797 3058 publici
829 2995 956 3038 sensum
990 2995 1062 3038 oum
1093 2997 1133 3038 ex
1148 3002 1175 3040 ao

126 3061 270 3125 oratione
298 3063 365 3126 eius
393 3068 463 3127 tum
490 3065 749 3146 pronuntiatione
772 3065 842 3148 ipsa
865 3063 1064 3147 perspexisse
1087 3064 1133 3127 vi-

198 3261 211 3306 1
230 3254 361 3307 transilui
379 3256 448 3322 AV,
467 3257 504 3310 K.
524 3255 679 3324 (transsilui
696 3257 733 3310 K.
740 3258 779 3325 Ι),
799 3255 939 3309 transilivi
952 3256 980 3308 B
987 3256 1015 3322 0,
1030 3257 1132 3310 Bacbr.

127 3327 168 3393 Of.
179 3330 221 3379 73.
230 3330 257 3379 2.
326 3332 358 3378 15
377 3325 487 3380 felicius
506 3327 594 3396 Lapa,
612 3327 735 3381 securius
755 3327 855 3381 Baebr.
924 3332 955 3379 21
975 3326 1055 3380 nulla
1071 3330 1133 3382 erat

125 3398 219 3450 autem
229 3399 290 3451 deb.
300 3398 376 3452 codd.
387 3397 476 3467 (nulla
489 3401 546 3451 aut.
562 3400 630 3465 erat,
645 3400 706 3452 erat
719 3400 813 3451 autem
827 3413 899 3450 omn.
914 3397 993 3450 nulla
1007 3400 1074 3468 ott),
1084 3400 1133 3465 K„

114 3469 180 3520 erat
191 3470 288 3524 autern
304 3471 348 3538 M,
363 3469 465 3526 aberat
478 3471 575 3526 autem
590 3471 689 3525 Boalrr.
742 3475 776 3523 22
792 3469 906 3522 dextera
920 3470 1006 3535 codd,
1020 3471 1132 3536 Baetra,

101 3537 207 3594 dextra
226 3545 266 3599 K.
341 3550 376 3600 23
398 3546 521 3618 obsepta
543 3545 599 3603 K„
650 3547 687 3596 ‘lt
703 3540 782 3594 nimi
796 3539 918 3604 dariique
933 3541 974 3590 K.
990 3542 1056 3591 dtas.
1068 3543 1138 3603 lit,

84 3607 210 3682 Baelo„
233 3618 366 3691 denique
387 3619 468 3678 nihil
490 3621 557 3697 Κλ
575 3635 609 3675 aa
628 3632 682 3673 auo
702 3615 741 3678 A,
761 3608 884 3674 dariique
901 3623 954 3658 oro.
971 3607 1018 3667 M,
1031 3607 1120 3656 KR.
