2506 3862
138 209 203 272 326
573 208 601 262 Ο.
620 207 718 261 PLINI

137 377 233 454 atque
256 373 423 455 permixtis
445 373 645 458 singulorum
669 374 754 436 mala
777 373 817 435 ad
834 373 1004 456 neminem,
1023 372 1063 434 ad
1082 393 1153 435 cm-

137 483 193 524 nes
217 463 362 525 omnium
384 462 469 526 bona
491 462 661 545 pertinent.
699 459 770 544 Sed,
794 463 860 526 sive
883 463 975 524 terris
999 460 1152 538 diuinitas

138 551 293 633 quaedam
318 551 384 615 sive
408 552 524 634 aliquis
550 550 697 614 amnibus
726 552 848 636 genius,
876 554 907 614 et
936 552 1039 613 solum
1068 549 1153 612 illud

137 645 170 703 et
196 640 317 703 flumen
344 639 450 723 ipsum
477 661 599 724 precor,
626 644 663 703 ut
690 638 750 703 hac
772 640 927 723 principis
951 637 1152 724 benignitate

137 733 324 793 contentum
347 730 440 792 molli
462 730 585 813 gremio
609 730 730 793 semina
753 729 914 812 recondat,
937 727 1153 811 multiplicata
1182 757 1195 796 5

101 818 294 882 arestituat.
330 816 407 882 Non
430 818 558 901 quidem
583 817 779 901 reposcimus
802 818 909 901 fenus3
932 821 1023 901 putet
1042 819 1153 880 tamen

138 929 205 971 esse
229 907 418 972 solvendum
440 907 652 990 fallacemque
676 909 770 971 unius
791 908 865 970 anni
885 906 980 970 fidem
1001 905 1152 970 omnibus

137 997 229 1059 annis
258 996 471 1078 omnibusque
498 1000 610 1080 postea
644 997 777 1060 saeculis
810 1000 900 1060 tanto
934 996 1046 1080 magis,
1075 996 1152 1077 quia

137 1108 202 1149 non
226 1086 394 1170 exigimus,
417 1090 555 1150 excuset.

84 1172 129 1238 33
204 1173 288 1238 Satis
311 1174 432 1238 factum
457 1197 520 1257 qua
544 1175 662 1238 civium
682 1198 745 1257 qua
764 1177 922 1239 sociorum
943 1172 1150 1237 utilitatibus.
1168 1202 1195 1242 ιι

137 1263 252 1326 Visum
281 1267 329 1327 est
359 1266 575 1346 spectaculum
604 1264 676 1327 inde
704 1286 770 1328 non
794 1285 905 1327 enerve
935 1284 995 1327 nec
1017 1262 1153 1343 fluxum,

137 1375 196 1416 nec
225 1353 310 1434 quod
339 1354 462 1416 animos
493 1353 635 1417 virorum
665 1355 807 1417 molliret
835 1357 866 1416 ct
892 1353 1063 1437 frangeret,
1096 1353 1153 1414 sed

138 1441 224 1523 quod
244 1440 282 1504 ad
301 1441 435 1524 pulchra
454 1444 586 1506 vulnera
605 1446 890 1526 contemptumque
910 1442 1022 1505 mortis
1041 1460 1151 1503 accen-

138 1531 237 1613 deret,
258 1552 329 1594 cum
353 1532 387 1593 in
411 1553 575 1595 servorum
595 1533 690 1595 etiam
709 1531 943 1614 noxiorumque
962 1529 1152 1612 corporibus

103 1637 118 1684 2
139 1641 228 1683 amor
242 1619 345 1683 laudis
361 1624 392 1683 et
407 1620 522 1703 cupido
537 1622 690 1685 victoriae
706 1626 894 1684 cerneretur.
919 1618 1022 1695 Quam
1037 1618 1153 1681 deinde
1169 1649 1195 1688 15

139 1710 173 1772 in
197 1708 318 1773 edendo
342 1709 576 1792 liberalitatem,
597 1732 691 1792 quam
713 1710 870 1773 iustitiam
894 1708 1040 1772 exhibuit
1063 1709 1153 1771 omni

137 1799 232 1862 affeot
234 1799 307 1862 ione
340 1802 395 1862 aut
428 1799 568 1862 intactus
601 1803 656 1862 aut
688 1799 803 1862 maior!
850 1796 1062 1881 Impetratum
1094 1801 1153 1878 est,

138 1887 225 1988 quod
257 1891 330 1970 post
317 1887 442 1951 ttulaba
428 1891 489 1969 tur,
523 1888 611 1951 oblat
578 1891 676 1988 atum,
709 1888 795 1971 quod
823 1909 889 1950 non
918 1890 992 1970 post
978 1886 1152 1950 tul.abatur

136 1974 247 2040 Institi
248 1977 334 2038 ttul
320 1981 370 2039 tro
395 1979 436 2058 et,
459 1978 825 2060 utconcupisceremus,
848 1976 1024 2057 admonuit,
1050 1996 1087 2038 ac
1106 1976 1153 2038 sic

102 2081 118 2127 a
139 2086 266 2146 quoque
285 2066 405 2166 plura
397 2066 542 2148 mopinat
543 2088 570 2148 a,
589 2066 681 2149 plura
701 2066 815 2130 subita.
848 2064 916 2128 lam
937 2087 1031 2147 quam
1050 2063 1153 2127 libera
1168 2094 1196 2132 ιι

138 2155 294 2236 spectari
281 2176 392 2217 num
377 2153 491 2237 studia,
515 2176 611 2236 quam
636 2177 765 2219 securus
792 2154 897 2219 favori
934 2152 1102 2217 Nemini
1093 2175 1152 2216 nn-

139 2244 250 2326 pietas,
278 2247 315 2306 ut
342 2243 474 2326 solebat,
503 2243 637 2326 obiecta,
666 2245 752 2328 quod
781 2243 900 2307 odisset
932 2242 1154 2328 gladiatorem,

137 2353 232 2395 nemo
248 2354 265 2395 e
280 2336 457 2415 spectatore
473 2334 690 2415 spectaculum
705 2332 809 2398 factus
824 2333 955 2396 miseras
971 2333 1153 2414 voluptates

104 2437 120 2482 4
139 2443 222 2485 unco
247 2424 278 2484 et
301 2422 431 2507 ignibus
451 2422 598 2505 expiavit.
636 2421 775 2486 Demens
794 2423 848 2485 ille
869 2422 1000 2504 verique
1020 2420 1153 2484 honoris

139 2510 278 2595 ignarus,
303 2511 358 2593 qui
382 2511 515 2574 crimina
538 2512 715 2576 maiestatis
734 2511 768 2574 in
786 2509 905 2574 harena
924 2508 1096 2594 colligebat
1116 2530 1154 2573 ac
1169 2539 1196 2578 ιι

139 2621 173 2663 se
197 2600 318 2683 despici
342 2603 373 2662 et
397 2601 568 2682 contemni,
591 2601 654 2664 nisi
677 2600 773 2664 etiam
793 2599 985 2683 gladiatores
1010 2599 1077 2663 eins
1102 2620 1154 2661 ve-

139 2711 331 2771 neraremur,
360 2689 421 2754 sibi
450 2690 533 2753 male
563 2690 661 2754 dici
653 2713 689 2753 ιιι
717 2689 790 2771 illis,
819 2711 908 2751 suam
942 2687 1154 2768 divinitatem,

141 2800 234 2840 suum
258 2800 377 2841 numen
399 2778 587 2843 violarit
539 2801 570 2841 in
574 2783 694 2862 tterpre
680 2779 770 2842 ttaba
756 2782 817 2860 tur,
847 2799 983 2860 eumque
1011 2799 1043 2840 se
1067 2776 1153 2839 idem

88 2861 228 2948 34quod
252 2866 337 2949 deos,
360 2867 444 2930 idem
468 2868 659 2950 gladiatores
684 2867 770 2950 quod
794 2889 826 2930 se
852 2889 896 2949 pu
897 2867 994 2930 ttaba
973 2865 1144 2928 tAttu

142 2953 264 3032 Caesar,
284 2978 380 3038 quam
399 2955 570 3040 pulchrum
585 2960 673 3040 spect
659 2956 801 3020 taculum
816 2977 874 3039 pro
895 2956 951 3018 illo
970 2955 1064 3019 nobis
1083 2976 1153 3017 exe·
1169 2983 1197 3021 ac

141 3044 253 3107 arabili
276 3043 454 3109 reddidisti!
497 3043 645 3109 Vidimus
670 3046 754 3108 delat
708 3048 847 3108 ltorum
876 3044 1030 3108 iudicium
1061 3043 1153 3125 quasi

141 3136 369 3218 grassatorum,
383 3135 474 3217 quasi
488 3134 658 3198 latronum.
691 3133 723 3197 N
725 3157 767 3197 on
785 3134 991 3197 solitudinem
1011 3131 1069 3215 illi,
1087 3153 1154 3195 non

141 3222 210 3305 iter,
233 3222 288 3285 sed
311 3225 478 3307 templum,
502 3224 557 3288 sed
574 3224 681 3288 forum
700 3223 894 3305 insederant3
918 3223 1006 3285 nulla
1025 3222 1089 3285 iam
1108 3224 1154 3283 te-

142 3314 299 3374 stamenta
318 3331 437 3394 secura,
459 3313 568 3376 nullus
587 3316 690 3376 status
709 3317 826 3395 certus3
849 3332 915 3374 non
935 3310 1065 3392 orbitas,
1087 3331 1154 3373 non

101 3414 121 3459 a
136 3400 232 3463 liberi
243 3401 428 3482 proderant.
452 3401 596 3466 Auxerat
608 3401 671 3465 hoc
686 3402 806 3464 malum
821 3401 938 3484 partim
955 3451 995 3463 ...
1011 3399 1154 3463 avaritia.
1170 3427 1197 3467 aa

69 3570 110 3640 Ι,
182 3599 218 3645 35
238 3597 356 3656 malum
375 3603 556 3676 principum
578 3617 658 3658 avar.
680 3599 768 3670 culp,
787 3595 858 3650 ml.
