2506 3862
151 189 216 254 282
467 188 494 244 0.
514 187 613 242 PLINI
634 188 680 242 ET
702 187 855 242 TRAIANI

528 357 660 416 nxxiv.
687 351 795 436 [xvi]

349 458 377 507 0.
402 458 541 506 PLINIUS
566 458 720 507 TRAIANO
745 458 970 505 IMPERATORI.

116 565 130 614 1
217 547 412 633 Appuleius,
436 549 577 631 domine,
603 549 710 630 miles,
740 549 797 630 qui
819 552 868 612 est
891 549 925 611 in
948 551 1087 613 statione
1112 548 1171 612 Ni-

151 639 340 722 comedensi,
362 639 490 721 scripsit
508 636 590 702 mihi
608 637 767 721 quendam
785 638 914 701 nomine
929 634 1171 725 Callidromum,

151 748 225 793 cum
249 728 446 792 detineretur
468 725 642 790 aMaximo
666 729 698 791 et
713 724 870 808 Dionysio
889 726 1075 809 pistoribus,
1100 728 1170 810 qui-
1198 753 1211 794 s

150 817 211 881 bus
236 837 349 900 operas
373 837 447 880 suas
466 816 638 900 locaverat,
662 815 844 901 confugisse
864 815 904 878 ad
917 818 1008 878 tuam
1026 817 1170 881 statuam

150 906 405 989 perductumque
430 904 470 968 ad
493 905 702 989 magistratus
726 903 884 968 indicasse
908 905 1043 969 servisse
1062 925 1094 970 se
1113 906 1170 970 eli-

150 995 278 1078 quando
315 994 452 1059 Laberio
489 992 631 1058 Maximo
674 997 868 1076 captumque
909 1016 927 1057 a
968 989 1093 1079 Susago
1134 995 1170 1058 in

149 1081 273 1148 Moesia
297 1087 329 1147 et
353 1107 371 1147 a
389 1082 544 1147 Decibalo
563 1083 689 1146 muneri
708 1083 843 1146 missum
863 1081 994 1165 Pacoro,
1016 1081 1170 1149 Parthiae

114 1173 462 1348 aliffitthtllllqli
477 1171 1170 1347 ttilmtttltttl.tl⁸ttlttt
1186 1200 1210 1240 ¹⁰

150 1351 341 1433 perductum
365 1351 404 1414 ad
422 1373 482 1434 me,
507 1372 580 1415 cum
599 1351 709 1414 eadem
727 1354 897 1434 narrasset,
915 1349 1109 1414 mittendum
1129 1351 1170 1414 ad

151 1443 182 1504 te
205 1440 331 1523 putavi3
362 1440 448 1523 quod
471 1440 569 1524 paulo
592 1438 715 1502 tardius
737 1439 808 1523 feci,
831 1439 908 1502 dum
929 1439 1057 1522 requiro
1081 1461 1170 1525 gem-

149 1551 250 1612 mam,
284 1550 380 1613 quam
413 1529 476 1593 sibi
508 1525 680 1592 habentem
712 1528 885 1614 imaginem
916 1526 1031 1592 Pacori
1062 1528 1098 1612 †,
1135 1533 1170 1593 et

114 1618 268 1702 equibus
296 1622 427 1682 omatus
457 1618 585 1699 fuisset,
618 1617 816 1681 subtractam
852 1616 1022 1680 indicabat.
1067 1615 1170 1682 Volui
1184 1642 1210 1684 rs

150 1708 235 1772 enim
258 1707 342 1771 hano
361 1728 498 1792 quoque,
523 1707 551 1770 si
569 1706 705 1770 inveniri
723 1706 892 1789 potuisset,
916 1706 1011 1769 simul
1029 1706 1169 1791 mittere,

149 1797 233 1861 siout
257 1797 419 1882 glebulam
442 1796 530 1879 misi,
553 1818 650 1880 quam
674 1816 707 1858 se
731 1817 770 1858 ex
792 1793 943 1858 Parthico
966 1795 1097 1859 metallo
1122 1799 1169 1861 at

148 1887 261 1950 tulisse
298 1885 433 1949 dicebat.
481 1882 615 1970 Signata
652 1888 701 1949 est
734 1885 829 1948 anulo
863 1905 950 1968 meo,
988 1885 1078 1948 cuius
1117 1889 1167 1950 est

150 1975 415 2060 aposphragisma
439 1974 601 2058 quadriga.

505 2120 621 2179 LXXV.
645 2114 806 2200 [LXXIX]
1183 2142 1208 2182 so

348 2222 375 2270 C.
399 2221 539 2269 PLINIUS
564 2222 716 2269 TRAIANO
741 2220 966 2269 IMPERATORI.

114 2330 128 2378 1
215 2311 325 2396 Iulius,
345 2312 481 2395 domine,
495 2310 620 2397 Largus
640 2334 678 2375 ex
693 2310 798 2376 Ponto
817 2311 960 2376 nondum
979 2312 1058 2376 mihi
1076 2312 1168 2376 visus

150 2424 187 2467 ac
215 2425 256 2467 ne
287 2402 413 2466 auditus
447 2401 575 2484 quidem
608 2397 747 2486 (scilicet
776 2400 894 2465 iudicio
927 2404 985 2465 tuo
1017 2399 1167 2485 credidit)

150 2492 421 2576 dispensationem
454 2490 615 2573 quandam
645 2489 726 2553 mihi
758 2511 834 2575 erga
866 2493 898 2553 te
925 2490 1056 2573 pietatis
1089 2511 1168 2554 suae

113 2598 129 2646 a
148 2581 426 2663 ministeriumque
442 2579 614 2643 mandauit.
638 2579 779 2664 Rogavit
799 2578 1106 2662 enimtestamento,
1129 2581 1167 2643 ut
1181 2604 1208 2645 as

148 2670 358 2734 hereditatem
382 2689 472 2732 suam
496 2667 616 2731 adirem
640 2688 865 2750 oemeremque
888 2687 926 2730 ao
944 2667 1058 2732 deinde
1076 2690 1167 2752 prae·

149 2759 250 2842 ceptis
274 2757 507 2842 quinquaginta
531 2756 662 2821 milibus
690 2778 859 2819 nummum
886 2757 1047 2840 reliquum
1071 2778 1167 2821 omne

148 2845 412 2911 Heracleotarum
442 2849 474 2909 et
497 2844 672 2909 Tianorum
700 2845 885 2909 civitatibus
908 2845 1087 2930 redderem,
1119 2847 1167 2910 ita

149 2939 185 2998 ut
204 2939 288 2999 esset
307 2934 431 2998 arbitrii
451 2935 523 3017 mei,
542 2937 650 2998 utrum
666 2955 762 3017 opera
775 2933 930 3017 facienda,
949 2956 1031 3017 quae
1048 2935 1166 2999 honori

150 3029 206 3087 tuo
232 3027 501 3105 consecrarentur,
523 3027 670 3107 putarem
694 3045 735 3086 an
754 3023 968 3088 instituendos
988 3024 1167 3108 quinquen-
1181 3050 1209 3091 ao

148 3114 239 3177 nales
263 3133 392 3197 agonas,
412 3113 469 3196 qui
487 3111 616 3176 Traiani
638 3113 892 3196 appellarentur(
918 3111 1012 3189 Quod
1029 3114 1065 3177 in
1083 3115 1167 3178 noti-

149 3202 230 3265 tiam
253 3206 342 3265 tuam
366 3199 591 3284 perferendum
615 3202 797 3265 existimavi
817 3202 858 3266 ob
876 3202 940 3266 hoo
958 3204 1106 3285 maxime,
1129 3206 1167 3267 ut

150 3291 332 3376 dispiceres,
356 3290 434 3373 quid
457 3291 574 3375 eligere
598 3290 738 3355 debeam

222 3436 237 3482 7
254 3446 286 3484 se
298 3431 363 3484 addi
423 3433 438 3482 9
457 3429 559 3484 Deceb.
575 3430 644 3485 KJ.
705 3435 747 3483 14.
767 3430 874 3497 †add.,
891 3429 993 3497 quibus
1007 3430 1166 3501 Insignibus

114 3498 331 3624 gersassan
351 3499 419 3558 aliis
438 3501 546 3572 quibus
570 3517 629 3558 om.
653 3503 791 3568 Mortuo,
812 3499 850 3554 ab
865 3500 917 3568 lus,
935 3501 1038 3568 quibus
1056 3501 1168 3556 locatus
1239 3531 1249 3541 ·
