2506 3862
136 217 199 282 158
571 213 599 268 C.
618 214 717 269 PLINI

136 381 287 464 cuiquam
306 381 383 445 satis
401 381 490 463 fidas,
514 379 627 443 deinde
646 378 737 458 scies,
761 379 789 443 si
808 379 880 463 quis
898 378 982 443 forte
1000 382 1042 460 te,
1061 379 1148 462 quod

135 470 319 552 abominor,
350 468 461 551 fallat,
492 472 637 553 paratam
669 469 841 552 ultionem3
874 491 937 552 qua
968 473 1077 533 tamen
1108 489 1149 531 ne

100 574 116 623 8
136 559 179 623 sit
202 580 292 643 opus,
315 559 412 623 etiam
435 562 531 640 atque
554 558 651 621 etiam
675 557 811 622 attende.
843 557 958 640 Neque
977 558 1062 621 enim
1080 560 1149 621 tam

136 648 310 712 iucundum
339 651 387 712 est
413 646 569 710 vindicari
596 668 693 729 quam
722 646 826 731 decipi
853 647 1013 711 miserum.
1058 645 1149 711 Vale.

586 811 694 870 XXHl
1176 832 1189 872 o

393 912 421 960 0.
444 912 583 959 PLINIUS
608 911 750 960 TRIARIO
775 911 840 960 SUO
865 912 890 960 S.

100 1020 114 1068 1
201 1001 337 1087 Inpense
360 1003 453 1086 petis,
476 1006 513 1066 ut
535 1023 629 1088 agam
653 1023 781 1066 oausam
800 1003 1013 1086 pertinentem
1036 1002 1077 1066 ad
1095 1022 1147 1066 cu-

134 1115 204 1157 ram
227 1097 326 1175 tuam,
349 1091 518 1175 pulchram
542 1092 664 1174 alioqui
688 1095 719 1155 et
737 1090 903 1155 famosam.
936 1090 1074 1173 Faciam,
1094 1091 1149 1155 sed

134 1203 201 1245 non
218 1182 327 1267 gratis.
350 1179 425 1256 ‘Qui
443 1181 513 1244 fieri
531 1180 651 1264 potest'
669 1181 785 1263 inquis,
809 1179 858 1244 ‘ut
875 1202 942 1244 non
960 1181 1059 1266 gratis
1078 1180 1146 1244 tu‘?'

134 1270 259 1354 Potest,
291 1270 418 1356 exigam
446 1270 531 1333 enim
558 1269 736 1333 mercedem
765 1269 983 1333 honestiorem
1006 1269 1147 1355 gratuito
1163 1295 1189 1334 ιο

100 1359 324 1442 apatrocim'o.
369 1358 449 1423 Peto
473 1363 569 1441 atque
593 1359 689 1422 etiam
713 1359 870 1442 paciscor,
894 1362 931 1422 ut
954 1359 1050 1422 simul
1073 1362 1149 1443 agat

136 1445 318 1512 Cremutius
337 1446 435 1512 Ruso.
468 1445 607 1511 Solitum
630 1444 693 1511 hoe
716 1446 797 1510 mihi
816 1450 847 1512 et
865 1447 929 1511 iam
949 1448 984 1510 in
1001 1447 1148 1532 pluribus

135 1537 229 1603 claris
252 1536 510 1601 adulescentibus
532 1536 723 1601 factitatum.
755 1534 841 1600 Nam
856 1537 935 1600 mire
955 1537 1147 1621 concupisco

99 1642 115 1690 3
134 1625 237 1690 bonos
260 1627 390 1691 iuvenes
415 1625 580 1690 ostendere
603 1624 684 1707 foro,
708 1624 875 1711 adsignare
897 1626 1009 1689 famae.
1056 1624 1148 1701 Quod

135 1717 162 1779 si
186 1717 246 1799 cui,
268 1719 429 1799 praestare
455 1713 578 1778 Rusoni
600 1736 672 1779 meo
698 1714 797 1778 debeo
822 1715 873 1779 vel
900 1719 1032 1799 propter
1058 1719 1187 1780 nata-1⁶

134 1806 181 1869 les
209 1806 310 1888 ipsius
337 1806 390 1869 vel
418 1808 551 1889 propter
573 1803 724 1868 eximiam
747 1803 811 1868 mei
839 1804 1018 1882 caritatem
1050 1826 1146 1887 quem

135 1894 244 1979 magni
268 1895 401 1958 aestimo
425 1895 460 1958 in
482 1892 583 1957 isdem
606 1893 746 1977 iudiciis,
769 1915 809 1956 ex
832 1892 932 1957 isdem
955 1893 1053 1957 etiam
1076 1916 1146 1978 par-

98 1982 222 2046 4tibus
252 1983 403 2066 conspici,
429 1981 541 2046 audiri.
588 1979 705 2066 Obliga
727 2004 788 2065 me,
811 1982 929 2068 obliga,
952 1985 1025 2046 ante
1049 2004 1146 2065 quam

135 2071 235 2154 dicat,
257 2093 341 2154 nam,
365 2092 438 2134 oum
462 2071 589 2155 dixerit,
614 2072 733 2156 gratias
755 2093 840 2156 ages.
887 2069 1036 2155 Spondeo
1060 2071 1145 2135 solli-

135 2160 270 2224 citudini
291 2164 374 2244 tuae,
399 2160 467 2243 spei
490 2181 596 2243 meae,
620 2160 836 2245 magnitudini
859 2182 972 2225 causae
998 2160 1146 2224 suffectu·
1160 2184 1187 2224 ao

133 2271 215 2313 rum.
260 2247 320 2312 Est
342 2248 460 2312 indolis
484 2249 625 2331 optimae
647 2249 738 2313 brevi
760 2248 973 2331 producturus
996 2249 1095 2332 alios,
1119 2250 1147 2313 si

99 2352 115 2401 ὁ
135 2339 263 2402 interim
285 2336 461 2422 productus
483 2337 581 2401 fuerit
599 2359 618 2400 a
635 2337 737 2401 nobis.
767 2336 881 2421 Neque
896 2340 981 2402 enim
996 2338 1146 2421 cuiquam

134 2431 201 2491 tam
225 2428 346 2492 clarum
369 2427 479 2491 statim
502 2427 680 2512 ingenium,
704 2430 741 2490 ut
763 2427 867 2510 possit
890 2448 1060 2512 emergere,
1083 2428 1145 2490 nisi

134 2516 184 2580 illi
197 2517 339 2600 materia,
359 2516 492 2599 occasio,
510 2516 619 2579 fautor
637 2516 734 2580 etiam
750 2515 1053 2599 commendatorque
1072 2537 1145 2580 con-

134 2606 247 2690 tingat.
292 2604 383 2670 Vale.
1160 2629 1186 2670 as

587 2716 694 2774 XXIV.

405 2817 434 2864 o.
457 2817 595 2864 Pnrruus
618 2817 737 2865 uncae
761 2815 826 2864 suo
851 2815 876 2864 s.

100 2922 114 2970 1
203 2904 305 2982 Quam
328 2908 466 2971 multum
485 2908 626 2989 interest,
650 2928 750 2990 aquo
772 2906 913 2990 quidque
931 2906 1000 2970 fiat!
1023 2905 1145 2970 Eadem
1189 2901 1194 2909 ”

136 2994 221 3058 enim
244 2995 329 3059 facta
352 2996 497 3061 claritate
519 2997 571 3059 vel
594 2995 788 3059 obscuritate
806 2995 993 3059 facientium
1012 2999 1068 3059 aut
1085 2997 1145 3059 tol-

101 3101 116 3148 2
135 3085 247 3147 luntur
261 3085 415 3149 altissime
429 3088 485 3148 aut
493 3084 674 3148 humillime
688 3083 919 3168 deprimuntur.
942 3083 1144 3169 Navigabam
1159 3109 1186 3149 ao

136 3195 193 3256 per
210 3172 340 3236 Larium
363 3177 519 3258 nostrum,
541 3193 614 3237 eum
638 3174 745 3237 senior
766 3173 888 3236 amicus
907 3173 1047 3238 ostendit
1065 3173 1146 3237 mihi

135 3262 245 3325 villam
268 3266 365 3344 atque
389 3263 485 3327 etiam
508 3261 706 3344 cubiculum,
732 3260 818 3344 quod
841 3262 876 3325 in
897 3263 1003 3326 lacum
1026 3264 1145 3346 promi-

197 3459 237 3503 22
246 3454 409 3519 productus
421 3456 481 3522 Dr,
495 3455 577 3508 ΚΠ
589 3455 671 3523 (drap.
685 3454 768 3522 115),
784 3455 932 3522 provectus
947 3455 1059 3523 Mpsa,
1074 3455 1112 3508 K.
1119 3456 1144 3508 Ι.

105 3518 148 3565 28
171 3533 192 3568 a
217 3537 276 3600 quo
301 3522 431 3593 quidque
449 3528 528 3596 KI,
556 3526 619 3584 Orto
634 3529 702 3595 303,
729 3524 802 3596 quid
822 3540 841 3578 a
863 3541 975 3594 quoque
1000 3526 1146 3593 mnpra,

86 3592 108 3626 ὅ
128 3597 189 3642 qno
209 3591 288 3652 ΨΜ
302 3595 398 3666 KII,
417 3599 492 3672 dabyr.
509 3603 607 3673 1112,
628 3599 702 3674 quid
722 3615 817 3672 aquo
837 3599 960 3656 Gusoub.
