2506 3862
108 214 174 279 350
545 212 572 268 C.
591 212 690 267 PLINI

110 399 219 463 gerere
245 400 312 442 non
339 382 475 462 poteras.
518 376 581 441 Sed
610 377 674 441 iam
704 376 777 440 urbi
807 375 954 457 rotisque
982 374 1129 458 publicis

108 467 251 531 redditus
276 468 352 550 quid
375 471 433 550 est,
455 468 490 530 in
509 489 573 549 quo
592 467 696 551 magis
715 467 758 529 sis
777 465 1021 549 approbaturus,
1041 485 1129 546 quae

110 559 292 638 quantaque
310 557 440 639 fuerint,
459 578 539 638 quae
559 555 837 620 desiderabamus?
868 552 985 616 Parum
1010 557 1071 635 est,
1091 557 1129 616 ut

109 645 144 709 in
167 646 288 710 curiam
311 646 429 727 venias,
452 645 515 708 nisi
538 650 570 709 et
593 666 759 726 convocas,
776 647 813 706 ut
836 643 963 706 intersis
987 642 1128 724 senatui,

108 735 171 797 nisi
194 739 226 798 et
248 735 418 817 praesides,
436 738 473 797 ut
495 738 659 797 censentes
681 733 799 815 audias,
817 733 881 795 nisi
904 735 936 794 et
959 752 1127 816 perrogas.
1155 757 1167 798 ι

73 822 167 887 rVis
190 823 272 887 illud
294 824 558 909 augustissimum
584 824 751 887 consulum
779 820 953 905 aliquando
978 819 1128 884 tribunal

108 913 269 976 maiestati
288 935 363 976 suae
381 912 533 976 reddere?
556 912 698 976 ascende.
735 909 795 974 Vis
814 914 958 974 constare
976 931 1128 973 reveren-

108 1002 188 1065 tiam
219 1002 470 1087 magistratibus,
501 1002 627 1087 legibus
659 1001 897 1082 auctoritatem,
929 998 1127 1062 modestiam

74 1091 369 1174 apostatantibus?
392 1091 453 1153 adi.
490 1089 582 1166 Quod
606 1091 691 1154 enim
715 1091 882 1153 interesset
900 1088 946 1151 rei
964 1087 1127 1172 publicae,

110 1180 137 1243 si
164 1180 308 1262 privatus
336 1201 429 1262 esses,
458 1180 663 1244 consulemt
649 1183 681 1243 te
708 1178 841 1242 haberet
867 1180 994 1241 tantum
1022 1198 1066 1240 an
1094 1180 1127 1241 et
1142 1203 1168 1244 ιι

109 1273 199 1332 senat
201 1290 297 1351 orem,
320 1269 382 1332 hoc
404 1290 490 1333 nunc
514 1270 593 1333 scito
621 1269 783 1350 interesse,
809 1267 987 1420 principem
1010 1270 1043 1329 te
1069 1267 1127 1330 ha-

72 1357 258 1423 4beattan
217 1361 328 1421 antum
347 1363 439 1422 anet
425 1358 630 1423 tco.nsulem
663 1356 792 1420 Histot
778 1361 866 1420 ttan
866 1357 971 1439 tisque
989 1355 1126 1419 rationi·

109 1445 170 1509 bus
195 1468 389 1529 quamquam
412 1448 496 1511 mult
482 1451 551 1511 tum
574 1445 730 1511 reluctata
753 1445 944 1510 verecundia
965 1445 1125 1528 principis

107 1536 239 1599 nostrit
225 1536 354 1600 tandem
373 1540 481 1600 tamen
495 1536 598 1600 cessit.
577 1534 671 1599 tAt
690 1557 785 1617 quem
799 1534 985 1598 admodum
1004 1534 1125 1599 cessit?

108 1622 186 1688 Non
209 1647 241 1688 se
265 1628 301 1688 ut
325 1626 466 1708 privatis,
490 1625 545 1689 sed
568 1628 605 1687 ut
628 1625 770 1707 privatos
794 1623 856 1686 sibi
878 1644 970 1706 pares
992 1622 1125 1688 faceret.
1140 1647 1166 1689 ιι

73 1713 243 1796 tRecepit
270 1716 355 1778 enim
382 1715 514 1778 tertium
542 1715 752 1794 consulatum,
780 1716 817 1776 ut
844 1712 941 1777 daret.
977 1709 1126 1776 Noverat

108 1803 361 1868 moderationem
376 1804 554 1886 hominum,
567 1807 701 1867 noverat
714 1802 878 1885 pudorem,
898 1802 1036 1884 quinon
1054 1823 1125 1865 sus-

107 1892 247 1955 tinerent
282 1893 380 1975 tertio
416 1893 562 1957 consules
599 1913 666 1956 esse
700 1892 764 1955 nisi
796 1913 868 1955 cum
900 1895 950 1954 ter
981 1891 1124 1955 conside.

107 1980 273 2044 Bellorum
300 1981 388 2045 istud
418 1982 513 2046 sociis
542 1982 628 2064 olim,
660 1981 876 2064 periculorum
909 1979 1124 2062 consortibus,

109 2090 203 2151 parce
225 2073 333 2133 tamen
356 2070 566 2153 tribuebatur,
590 2071 676 2152 quod
698 2074 735 2133 tu
754 2069 968 2154 singularibus
987 2069 1064 2132 viris
1085 2090 1124 2133 ac
1138 2093 1166 2132 ro

109 2159 147 2221 de
175 2162 207 2222 te
235 2159 364 2242 quidem
394 2159 475 2223 bene
503 2181 540 2224 ac
571 2159 707 2243 fortiter,
740 2158 794 2223 sed
821 2160 856 2222 in
888 2162 965 2243 toga
996 2158 1123 2221 meritis

73 2248 305 2329 spraestitisti.
346 2247 523 2330 Utriusque
551 2270 639 2331 cura,
669 2249 835 2332 utriusque
865 2247 1033 2333 viffi'lantia
1065 2247 1124 2310 ob-

109 2337 238 2401 strictus
267 2359 313 2419 es,
342 2335 464 2401 Caesar.
508 2336 570 2401 Sed
597 2339 632 2400 in
659 2338 802 2421 principe
829 2359 937 2400 rarum
960 2358 997 2400 ac
1020 2355 1124 2417 prope

108 2426 275 2489 insolitum
290 2430 347 2508 est,
364 2431 402 2490 ut
421 2449 453 2491 se
473 2430 566 2510 putet
585 2427 763 2512 obligatum
783 2430 846 2509 aut,
865 2426 892 2489 si
911 2428 1012 2508 putet,
1026 2429 1122 2489 amet.

108 2514 214 2578 Debes
234 2537 320 2600 ergo,
339 2514 462 2598 Caesar,
481 2521 513 2579 et
532 2516 629 2579 solvis
648 2519 689 2598 et,
707 2537 781 2580 cum
799 2519 848 2578 ter
867 2515 1013 2579 consules
1031 2512 1122 2596 facis,
1137 2539 1165 2581 ιι

108 2624 175 2667 non
202 2605 264 2668 tibi
292 2626 428 2690 magnus
455 2605 617 2688 princeps,
645 2604 701 2668 sed
727 2625 793 2667 non
825 2605 970 2689 ingratus
998 2602 1122 2667 amicus

74 2692 238 2778 wideris,
263 2694 342 2775 quin
364 2694 461 2757 etiam
487 2716 640 2776 perquam
668 2693 795 2756 modica
818 2693 973 2775 quaedam
1001 2692 1121 2756 civium

108 2782 223 2844 merita
244 2782 392 2846 fortunae
415 2786 489 2846 tuae
512 2783 634 2847 viribus
657 2783 692 2845 in
714 2783 816 2846 maius
836 2782 971 2846 extollis.
1008 2780 1121 2845 Efficis

109 2870 207 2952 enim,
242 2875 279 2934 ιιι
309 2875 436 2934 tantum
469 2871 530 2935 tibi
563 2872 697 2954 quisque
734 2872 930 2954 praestitisse
966 2870 1122 2952 videatur,

109 2962 265 3042 quantum
284 2982 302 3022 a
320 2964 352 3024 te
371 2960 498 3043 recepit.
536 2958 619 3035 Quid
637 2961 692 3024 isti
711 2961 903 3046 benignitati
920 2980 1038 3043 precer,
1057 2960 1164 3024 nisiae

179 3177 242 3239 leq.
263 3171 779 3241 convoces—praesideas-perroges
798 3172 869 3237 dett„
889 3172 926 3225 K.
981 3176 996 3223 6
1015 3169 1119 3223 tribun.

108 3242 174 3311 aliq.
195 3245 232 3297 K.
239 3244 281 3309 II,
300 3243 401 3296 Bachr.
475 3248 490 3295 9
509 3242 699 3312 postulatibus
718 3243 819 3297 Bachr.
839 3274 871 3281 -
893 3242 942 3295 adi
960 3242 1031 3312 culp.
1050 3241 1121 3306 cdd,

109 3313 147 3367 K.
153 3316 182 3381 I,
207 3314 285 3367 adire
308 3315 398 3380 codd.
421 3313 489 3366 audi
508 3315 599 3383 Lapa,
619 3315 657 3368 K.
662 3316 710 3381 ΙΙ,
733 3314 831 3367 adside
854 3314 969 3379 Barba,
992 3312 1121 3366 adnitere

109 3355 229 3439 Sctdellc
243 3390 285 3439 30.
360 3386 444 3438 mut
461 3386 546 3454 peric.
566 3387 667 3440 Baebr.
740 3392 773 3439 21
795 3385 825 3437 in
842 3386 911 3453 toga
928 3400 995 3437 mer.
1014 3385 1119 3453 praest.

96 3458 136 3521 A,
155 3457 263 3525 Iaera,
282 3457 321 3513 K
327 3457 372 3526 II
391 3456 503 3527 aaa„
525 3457 656 3528 p.raest
648 3475 680 3510 m
696 3458 764 3526 toga
781 3473 848 3510 mer.
867 3462 925 3510 cett.
944 3456 1031 3522 codd,
1050 3456 1088 3509 K.
1094 3456 1120 3509 I.

85 3530 125 3577 25
144 3529 175 3581 et
189 3547 255 3584 cum
274 3531 399 3602 Gruter,
416 3533 459 3590 K.
465 3501 509 3603 ΙΙ,
525 3532 643 3599 Bocbr„
657 3526 887 3586 tessaracota.
890 3527 982 3592 ,aatq
1029 3531 1066 3574 aa
1080 3541 1126 3576 re-

71 3597 156 3665 ⁰⁶1⁷st
173 3605 214 3672 A,
234 3605 278 3662 K.
285 3609 331 3678 II,
352 3576 477 3678 Bdebr„
494 3607 609 3679 recipit
626 3603 730 3677 pleriq
746 3597 838 3662 coac„
853 3595 926 3649 KI
