2506 3862
388 214 646 269 EPISTULARUM
663 215 727 270 VIII
746 221 789 283 20,
809 222 850 271 21.
1061 217 1125 282 217

115 399 148 443 se
168 377 367 443 descendisse
386 379 513 462 sentire,
532 401 628 461 quam
648 380 805 444 senserint
823 380 1011 446 ascendisse.
1039 380 1128 447 Idem
1166 401 1182 449 s

113 467 203 532 lacus
225 467 260 531 in
282 466 403 532 flumen
426 469 576 553 egeritur,
599 468 695 553 quod,
717 469 774 533 ubi
793 491 827 534 se
845 470 1008 554 paulisper
1027 473 1129 537 oculis

114 556 220 641 dedit,
252 577 349 641 specu
371 558 530 642 mergitur
555 559 683 641 alteque
710 559 876 624 condItum
908 563 994 624 meat
1017 582 1070 643 ac,
1102 561 1130 626 si
1233 552 1236 564 ’

116 645 203 730 quid,
221 650 394 729 antequam
413 647 652 731 subduceretur,
671 649 803 732 accepit,
821 652 927 713 servat
948 653 981 713 et
998 649 1129 732 profert.

81 760 100 801 s
114 732 203 800 Haec
226 735 288 799 tibi
311 735 440 819 scripsi,
472 737 548 819 quia
570 759 629 801 nec
652 737 759 801 minus
789 738 902 823 ignota
929 760 1025 822 quam
1048 738 1129 802 mihi
1149 757 1183 807 ιο

114 846 173 889 nec
191 824 298 888 minus
318 829 409 910 grata
428 825 605 890 credebam.
628 824 713 890 Nam
729 830 761 891 te
780 848 908 911 quoque
922 830 959 891 ut
977 849 1028 891 ms
1046 827 1130 891 nihil

114 935 215 996 aeque
238 933 275 978 ac
298 916 431 978 naturae
454 936 550 998 opera
573 914 741 980 delectant.
787 914 876 981 Vale.

584 1061 663 1121 XXI.

371 1161 399 1208 c.
422 1162 562 1210 rnrnrus
585 1162 739 1210 samario
764 1163 829 1211 suo
854 1163 880 1211 s.

72 1277 100 1317 ιο
181 1248 284 1315 Utin
310 1251 378 1314 vita
407 1251 511 1315 sicin
538 1251 653 1316 studiis
680 1251 932 1336 pulcherrimum
960 1257 992 1318 et
1018 1253 1164 1323 huma-1

113 1340 283 1404 nissimum
307 1340 456 1404 existimo
480 1341 682 1405 severitatem
711 1342 959 1425 comitatemque
987 1344 1129 1426 miscere,

113 1451 153 1492 ne
177 1430 233 1492 illa
255 1429 290 1492 in
309 1429 485 1512 tristitiam,
507 1429 587 1494 haec
605 1431 640 1494 in
661 1431 874 1515 petulantiam
894 1432 1034 1496 excedat.
1059 1430 1164 1508 Quas

112 1519 238 1582 ratione
253 1518 367 1582 ductus
382 1518 529 1602 graviora
544 1541 640 1603 opera
653 1520 778 1584 lusibus
792 1520 936 1603 iocisque
955 1520 1129 1608 distinguo.

114 1605 166 1671 Ad
188 1608 249 1670 hos
273 1606 481 1690 proferendos
510 1612 542 1672 et
565 1612 692 1692 tempus
715 1610 873 1674 stlocum
898 1611 1130 1693 opportunissi-

74 1721 100 1762 1s
114 1718 204 1760 mum
228 1696 320 1780 elegi,
343 1699 442 1778 utque
466 1696 530 1760 iam
553 1719 640 1761 nunc
662 1697 885 1763 adsuescerent
904 1703 936 1763 et
954 1699 995 1762 ab
1015 1699 1129 1763 otiosis

113 1790 146 1850 et
167 1786 202 1848 in
225 1785 366 1849 triclinio
389 1785 509 1868 audiri,
540 1784 623 1850 lulio
646 1809 771 1870 mense,
799 1808 863 1871 quo
893 1787 1033 1852 maxime
1056 1787 1130 1851 lites

112 1875 381 1958 interquiescunt,
416 1874 532 1958 positis
569 1880 643 1940 ante
674 1877 776 1940 lectos
813 1876 972 1941 cathedris
1008 1874 1129 1941 amieos

113 1963 277 2028 collocavi.
323 1961 420 2028 Forte
443 1963 572 2047 accidit,
604 1967 641 2028 ut
668 1964 779 2029 eodem
808 1965 858 2030 die
886 1988 979 2031 mane
1011 1967 1047 2030 in
1076 1966 1164 2032 ‘ad-3

113 2054 316 2117 vocationem
340 2052 480 2116 subitam
503 2074 646 2138 rogarer,
674 2054 761 2138 quod
784 2055 865 2119 mihi
888 2077 1017 2120 causam
1040 2078 1129 2140 prae-

72 2142 266 2224 adloquendi
290 2141 386 2205 dedit.
433 2139 511 2206 Sum
535 2142 621 2207 enim
645 2143 842 2228 deprecatus,
864 2167 904 2208 ne
928 2146 1000 2227 quis
1023 2149 1060 2210 ut
1082 2146 1129 2209 in-

113 2235 311 2296 reverentem
327 2231 432 2314 operis
447 2236 604 2318 argueret,
618 2233 705 2316 quod
718 2232 919 2317 recitaturus,
934 2255 1129 2317 quamquam

114 2324 146 2384 et
169 2320 281 2386 amicis
305 2324 337 2385 et
359 2321 484 2403 paucis,
506 2320 540 2383 id
563 2326 612 2385 est
634 2322 751 2386 iterum
775 2322 904 2406 amicis,
926 2323 997 2387 foro
1021 2327 1054 2387 et
1076 2346 1129 2387 ne

113 2409 211 2495 gotiis
229 2431 296 2474 non
310 2409 547 2473 abstinuissem.
579 2408 698 2474 Addidi
716 2411 804 2477 hunc
819 2412 963 2477 ordinem
982 2434 1034 2476 me
1049 2416 1082 2476 et
1095 2413 1129 2475 in

113 2498 282 2563 scribendo
320 2498 424 2581 sequi,
460 2503 497 2562 ut
533 2501 738 2565 necessitates
774 2501 1011 2584 voluptatibus,
1047 2502 1129 2566 seria

73 2613 98 2652 ss
114 2587 262 2650 iucundis
286 2587 477 2651 anteferrem
500 2607 537 2652 ac
559 2589 700 2672 primum
723 2590 844 2672 amicis,
862 2594 932 2653 tum
955 2589 1037 2653 mihi
1055 2591 1130 2655 scri·

114 2675 231 2740 berem.
277 2675 375 2741 Liber
396 2675 460 2740 fuit
483 2680 515 2740 et
539 2679 702 2760 opusculis
729 2679 836 2742 varius
859 2683 892 2743 et
914 2680 1035 2743 metris.
1080 2676 1165 2744 Ital

114 2766 263 2847 solemus,
287 2766 342 2848 qui
365 2765 496 2849 ingenio
518 2789 633 2850 parum
656 2767 799 2850 fidimus,
827 2768 984 2832 satietatis
1007 2769 1128 2852 pericu-

113 2855 182 2918 lum
205 2854 325 2938 fugere.
348 2853 495 2918 Recitavi
518 2853 626 2919 biduo.
658 2855 730 2920 Hoc
753 2856 906 2921 adsensus
929 2857 1128 2922 audientium

113 2944 228 3029 exegit.
261 2941 306 3007 Et
328 2947 445 3026 tamen,
467 2947 504 3006 ut
527 2944 582 3007 alii
601 2948 768 3010 transeunt
790 2945 946 3028 quaedam
965 2947 1129 3031 inputant-

73 3059 99 3098 so
114 3055 189 3116 que,
222 3032 308 3115 quod
340 3035 520 3115 transeant,
550 3033 596 3098 sic
629 3055 689 3119 ego
721 3035 804 3098 nihil
835 3039 999 3118 praetereo
1032 3040 1128 3120 atque

114 3122 209 3186 etiam
242 3141 309 3185 non
340 3121 513 3205 praeterire
545 3144 597 3185 me
625 3127 733 3188 testor.
778 3122 866 3208 Lego
895 3125 980 3188 enim
1011 3125 1129 3208 omnia,

113 3215 149 3274 ut
174 3212 282 3275 omnia
306 3211 481 3292 emendem,
505 3212 591 3294 quod
615 3213 800 3298 contingere
818 3234 885 3276 non
903 3217 1010 3297 potest
1028 3215 1129 3278 electa

112 3301 330 3365 recitantibus.
364 3299 409 3363 At
427 3299 508 3363 illud
527 3300 703 3365 modestius
722 3305 754 3366 et
767 3301 905 3366 fortasse
922 3303 1127 3367 reverentius.
1147 3318 1163 3366 5

113 3386 175 3453 Sed
199 3390 261 3454 hoc
280 3389 458 3473 simplicius
478 3393 510 3453 et
528 3390 696 3454 amantius.
719 3388 818 3454 Amat
836 3391 932 3474 enim,
956 3391 1011 3475 qui
1031 3413 1064 3456 se
1083 3392 1129 3456 sic

102 3599 147 3650 M
180 3533 219 3650 ξ
237 3529 304 3595 eta,
319 3528 406 3597 ΚΠ)
421 3545 473 3586 om·
490 3530 554 3599 Μ’)
570 3530 642 3588 Κ·Ῑ·
715 3535 753 3586 ‘dl
769 3531 867 3586 lffllm
880 3521 1164 3596 (κώᾓὼὶῦῂᾶκεῦ

143 3615 165 3662 r,
213 3638 219 3650 .
