2506 3862
384 194 642 251 EPISTULARUM
659 194 699 250 VI
718 200 759 264 rc,
780 201 821 249 ιτ.
1046 195 1108 261 151

97 363 179 442 tunt,
203 360 344 423 excitant
366 357 467 423 illum.
503 356 637 423 Innixus
661 357 794 424 servulis
819 359 942 424 duobus
968 360 1164 425 adsume-19

98 451 147 513 xit
169 451 203 512 et
225 449 335 512 statim
359 448 510 532 concidit,
541 453 578 513 ut
601 468 661 534 ego
686 449 844 532 coniecto,
878 449 1032 513 crassiore
1060 469 1109 513 ca-

97 537 198 623 ligine
226 538 342 621 spiritu
370 536 534 602 obstructo
564 537 737 621 clausoque
767 537 949 622 stomacho,
982 537 1038 622 qui
1061 538 1110 601 illi

97 630 212 690 natura
226 626 385 690 invalidus
405 630 437 690 et
451 630 605 712 angustus
625 629 657 690 et
674 626 859 710 frequenter
877 627 1109 692 interaestuans

71 720 174 781 cerat.
219 713 283 779 Ubi
318 715 385 779 dies
412 715 555 779 redditus
583 713 625 802 (is
657 715 698 780 ab
726 737 778 798 eo,
810 737 905 798 quem
936 717 1110 780 novissime
1129 731 1164 781 20

97 804 234 888 viderat,
257 805 395 888 tertius),
424 824 540 888 corpus
564 805 730 868 inventum
753 805 929 890 integrum,
952 805 1110 869 inlaesum

98 897 324 979 opertumque,
346 898 383 958 ut
406 894 510 958 fuerat
533 893 679 978 indutus,
701 894 832 959 habitus
856 895 999 977 corporis
1023 895 1110 977 quie-

98 983 201 1047 scenti
224 1004 319 1066 quam
343 982 493 1047 defirncto
518 983 661 1047 similior.

165 1068 296 1135 Interim
321 1070 438 1135 Miseni
461 1092 521 1157 ego
545 1076 577 1136 et
600 1074 711 1135 mater.
757 1069 820 1135 Sed
841 1071 925 1136 nihil
948 1073 988 1136 ad
1010 1072 1110 1136 histo·
1129 1087 1162 1136 21

58 1186 85 1227 ιο
98 1161 192 1244 riam,
219 1181 278 1225 nec
299 1164 337 1224 tn
360 1160 448 1224 aliud
471 1183 567 1244 quam
590 1161 628 1225 de
651 1161 739 1225 exitu
767 1162 835 1225 eius
858 1161 939 1225 scire
970 1161 1109 1225 voluisti.

98 1248 212 1313 Finem
230 1271 306 1334 ergo
324 1249 449 1313 faciam.
483 1248 593 1314 Unum
616 1249 762 1332 adiciam,
786 1250 895 1313 omnia
912 1272 973 1333 me,
992 1250 1109 1333 quibus
1128 1265 1163 1313 aa

97 1338 314 1422 interfueram,
334 1360 478 1422 quaeque
497 1339 620 1424 statim,
643 1358 716 1403 cum
735 1339 874 1402 maxime
896 1361 971 1403 vera
992 1361 1111 1404 memo-

98 1431 219 1511 rantur,
243 1427 416 1510 audieram,
438 1431 649 1510 persecutum.
687 1427 736 1490 'ln
759 1427 929 1511 potissima
952 1448 1111 1512 excerpas.

98 1515 199 1581 Aliud
217 1521 265 1581 est
284 1517 371 1580 enim.
389 1517 570 1601 epistulam,
584 1516 672 1580 aliud
689 1515 869 1600 historiam,
891 1518 979 1581 aliud
997 1519 1111 1601 amico,

58 1606 186 1672 malind
209 1605 357 1670 omnibus
382 1605 528 1670 scribere.
573 1604 663 1670 Vale.

559 1769 654 1828 XVII.

331 1871 359 1919 o.
383 1870 523 1919 ramma
547 1870 744 1919 ausimano
769 1870 834 1919 suo
859 1871 885 1920 s.

166 1957 488 2046 Indignatiunculam,
512 1982 608 2043 qnam
631 1961 666 2024 in
684 1961 850 2026 cniusdam
869 1960 964 2025 amici
987 1961 1145 2025 andito-1

99 2050 148 2112 rio
173 2050 251 2132 cepi,
274 2071 340 2113 non
361 2070 493 2133 possum
517 2049 598 2114 mihi
620 2054 797 2134 temperare
817 2072 881 2133 qno
901 2051 1007 2114 minus
1026 2051 1111 2134 apud

60 2164 86 2205 ao
100 2144 140 2217 te,
165 2139 240 2221 quia
263 2160 330 2202 non
352 2139 510 2225 contingit
531 2160 648 2222 coram,
671 2161 728 2222 per
746 2139 917 2222 epistulam
941 2139 1110 2204 effimdam.

99 2227 309 2292 Recitabatur
335 2227 418 2291 liber
441 2227 707 2292 absolutissimus.
753 2226 849 2293 Hunc
872 2228 936 2292 duo
960 2232 1015 2292 aut
1037 2232 1111 2312 tres,
1130 2243 1145 2291 2

99 2321 136 2381 ut
159 2316 221 2381 sibi
245 2320 276 2380 et
299 2317 409 2399 paucis
431 2316 593 2400 videntur,
621 2317 731 2381 diserti
759 2317 862 2381 surdis
886 2319 1047 2400 mutisque
1072 2318 1111 2381 si-

99 2407 192 2470 miles
216 2405 396 2469 audiebant.
427 2404 504 2470 Non
525 2405 615 2469 labra
634 2405 835 2487 diduxerunt,
857 2428 924 2470 non
942 2411 1112 2471 moverimt

100 2516 241 2578 manum,
264 2516 330 2558 non
353 2493 490 2578 denique
513 2495 768 2573 adsurrexerrmt,
792 2495 905 2559 saltem
923 2494 1111 2559 lassitudine

59 2609 85 2650 as
101 2583 238 2647 sedendi.
285 2582 372 2659 Quae
395 2587 486 2647 tanta
514 2583 679 2669 gravitas?
710 2605 790 2667 qnae
814 2587 904 2648 tanta
933 2583 1145 2667 sapientia?3

101 2694 182 2755 quae
205 2673 305 2736 immo
329 2673 473 2756 pigritia,
502 2673 702 2758 adrogantia,
730 2673 920 2737 sinisteritas
944 2695 979 2736 ao
1003 2673 1111 2756 potius

100 2762 250 2845 amentia,
272 2762 307 2825 in
329 2760 392 2825 hoc
414 2765 520 2825 totum
539 2761 622 2825 diem
641 2762 822 2845 inpendere,
844 2765 881 2825 ut
901 2761 1052 2846 offendas,
1075 2766 1112 2826 ut

100 2851 268 2914 inimicum
291 2851 467 2933 relinquas,
495 2850 535 2913 ad
563 2872 658 2934 quem
685 2855 850 2934 tamquam
881 2852 1110 2915 amicissimum

100 2939 249 3003 veneris?
272 2937 431 3002 Disertior
452 2940 522 3022 ipse
545 2939 600 3003 es?
633 2939 736 3004 Tanto
760 2940 863 3025 magis
886 2962 927 3003 ne
950 2941 1111 3004 invideris.
1130 2956 1147 3004 4

58 3055 85 3096 co
98 3027 192 3107 Nam,
217 3028 272 3112 qui
295 3027 425 3111 invidet,
448 3028 555 3092 minor
577 3032 633 3092 est.
674 3026 834 3112 Denique,
858 3029 924 3092 sive
947 3030 1020 3112 plus
1045 3030 1111 3093 sive

99 3119 206 3181 minus
237 3118 303 3181 sive
333 3117 418 3181 idem
450 3121 606 3200 praestas,
637 3117 732 3181 lauda
763 3119 816 3181 vel
845 3117 1028 3182 inferiorem
1060 3118 1112 3182 vel

100 3208 295 3289 superiorem
319 3207 370 3269 vel
388 3229 507 3289 parem,
526 3207 732 3290 superiorem,
751 3207 835 3289 quia,
853 3207 915 3271 nisi
933 3206 1111 3270 landandus

99 3296 163 3378 ille,
186 3317 252 3359 non
269 3299 361 3378 potes
380 3297 448 3379 ipse
467 3295 600 3378 laudari,
618 3295 801 3359 inferiorem
819 3300 876 3360 aut
893 3318 1012 3379 parem,
1037 3296 1111 3378 quia

172 3434 312 3489 linnixus
323 3436 352 3488 D
354 3452 427 3503 pra,
439 3435 500 3489 Otto
510 3438 571 3501 303,
585 3433 708 3487 innitens
722 3436 767 3502 M,
777 3435 815 3488 K.
826 3466 863 3474 -
875 3434 983 3487 semol.
993 3433 1132 3492 mnu.

100 3510 115 3558 2
132 3504 257 3560 coniecto
270 3507 378 3575 Dpra,
396 3507 457 3563 Octo
467 3511 531 3576 303,
551 3505 658 3579 colligo
676 3508 724 3574 M,
736 3508 779 3562 K.
855 3496 1160 3556 ripaemezanae»

96 3576 158 3630 Otto
171 3581 231 3644 303,
250 3577 328 3632 intus
348 3582 419 3635 aest.
439 3599 493 3652 νς,
514 3584 589 3638 aest.
608 3583 658 3652 M,
672 3582 716 3638 K.
792 3583 813 3631 b
832 3581 899 3632 erat
912 3558 1106 3624 neminu-
