2506 3862
412 199 670 254 EPISTULARUM
689 203 802 254 *rr-ra.
1051 197 1117 263 283

458 368 590 430 LXXVL
614 363 759 448 [nixu]

451 468 622 517 TRAIANUS
646 469 776 517 PLINIO.

165 559 267 625 Iulius
290 560 415 646 Largus
445 560 543 625 fidem
572 562 676 643 tuam,
707 560 799 644 quasi
828 562 860 623 te
888 560 969 623 bene
998 561 1117 640 nosset,

99 651 204 736 elegit.
251 648 335 726 Quid
363 670 440 736 ergo
469 649 675 734 potissimum
703 649 744 713 ad
770 648 1021 733 perpetuitatem
1053 669 1117 710 me-

70 741 219 805 smoriae
242 740 310 804 eius
333 739 446 824 faciat,
474 737 650 804 secundum
679 738 833 822 cuiusque
863 737 927 802 loci
958 735 1117 800 condicio·

99 851 172 894 nem
200 830 268 913 ipse
299 829 419 913 dispice
450 832 495 911 et,
527 827 615 911 quod
637 827 844 912 potissimum
874 825 1116 908 existimaveris,

100 919 133 981 id
156 940 296 1002 sequere.

442 1028 589 1088 LXXVII.
614 1022 776 1107 [LXXXI]

296 1130 323 1178 c.
347 1130 486 1179 PLINIUS
512 1128 665 1177 TRAIANO
689 1128 916 1176 monstrosi.

59 1245 85 1286 ιο
165 1218 463 1303 Providentissime,
491 1220 633 1304 domine,
659 1219 781 1301 fecisti,
809 1219 896 1302 quod
925 1217 1149 1302 praecepistil

100 1307 272 1393 Calpurnio
295 1308 414 1392 Macro,
438 1310 615 1374 clarissimo
638 1309 722 1390 viro,
749 1311 786 1372 ut
808 1308 1021 1394 legionarium
1046 1327 1117 1371 cen·

99 1399 262 1463 turionem
276 1396 469 1481 Byzantium
492 1399 645 1463 mitteret.
686 1396 826 1480 Dispice,
849 1418 890 1460 an
908 1397 1006 1460 etiam
1020 1394 1151 1460 Iulio-2

98 1488 253 1572 politanis
285 1488 384 1552 simili
414 1488 540 1552 ratione
572 1486 803 1552 consulendum
836 1489 946 1569 putes,
979 1506 1116 1568 quorum

100 1578 227 1661 civitas,
264 1597 338 1640 cum
375 1576 417 1640 sit
448 1576 636 1661 perexigua,
674 1596 772 1640 onera
802 1575 943 1638 maxima
980 1575 1116 1638 sustinet

59 1691 85 1732 rs
100 1670 256 1749 tantoque
280 1665 442 1751 graviores
470 1666 619 1748 iniurias,
647 1667 768 1748 quanto
792 1667 841 1728 est
863 1663 1034 1744 infirmior,
1061 1685 1116 1746 pa·

99 1756 187 1818 titur.
234 1753 397 1839 Quidquid
427 1757 535 1818 autem
563 1751 801 1837 Iuliopolitanis
833 1752 1050 1836 praestiteris,
1082 1751 1151 1815 ide

100 1844 197 1907 etiam
228 1844 290 1907 toti
317 1843 503 1927 provinciae
531 1843 682 1926 proderit.
729 1840 811 1906 Sunt
834 1841 920 1906 enim
949 1841 984 1903 in
1012 1841 1117 1924 eapite

99 1931 272 2014 Bithyniae
284 1932 496 2016 plurimisque
509 1955 567 2016 per
585 1955 656 1997 eam
675 1931 929 1996 commeantibus
943 1930 1116 1995 transitum

99 2021 263 2104 praebent.

64 2154 91 2193 ,ο
431 2133 594 2191 nxxvm.
617 2127 793 2211 [cxxxii]

451 2233 622 2281 TRAIANUS
646 2231 775 2280 PLINIO.

165 2324 214 2389 Ea
244 2323 390 2389 condicio
423 2328 472 2389 est
502 2323 642 2388 civitatis
671 2319 902 2406 Byzantiorum
935 2319 1149 2386 continenter

99 2413 240 2498 undique
259 2414 382 2478 ineam
402 2413 654 2477 commeantium
669 2411 772 2494 turba,
790 2414 828 2475 ut
849 2411 1023 2475 secundum
1043 2430 1116 2474 eon·
1171 2437 1173 2442 ·

100 2503 302 2567 suetudinem
331 2502 590 2588 praecedentium
623 2505 805 2582 temporum
836 2499 1013 2564 honoribus
1047 2498 1114 2564 eius

58 2617 85 2658 as
99 2591 258 2674 praesidio
273 2591 469 2657 centurionis
477 2590 648 2676 legionarii
659 2588 890 2653 consulendum
898 2588 1115 2653 habuerimus.

100 2679 138 2745 sa·
160 2678 397 2763 Iuliopolitanis
423 2679 673 2744 succurrendum
696 2677 808 2742 eodem
833 2676 929 2742 modo
955 2679 1115 2762 putaveri-

100 2791 180 2851 mus,
204 2769 407 2833 onerabimus
426 2790 486 2832 nos
506 2769 661 2850 exemplo.
692 2764 804 2831 Plures
824 2767 919 2852 enim,
942 2770 975 2831 et
994 2771 1114 2850 quanto
1134 2783 1150 2831 2

99 2858 291 2922 infirmiores
322 2861 428 2941 erunt,
456 2857 542 2922 idem
571 2908 576 2918 .
601 2907 607 2919 .
633 2907 638 2918 .
669 2855 819 2919 fiduciam
848 2856 1034 2942 diligentiae
1060 2855 1115 2920 ha-

100 2949 173 3031 beO,
205 2950 243 3010 ut
271 2947 398 3011 credam
420 2951 452 3010 te
476 2946 564 3010 omni
586 2945 711 3008 ratione
738 2945 772 3007 id
795 2947 956 3031 acturum,
987 2967 1027 3010 ne
1051 2945 1116 3009 sint

58 3062 86 3102 ao
100 3037 232 3101 obnoxii
255 3036 389 3100 iniuriis.
437 3033 471 3099 Si
499 3036 555 3120 qui
583 3037 691 3098 autem
715 3054 748 3097 se
771 3036 882 3097 contra
913 3034 1115 3117 disciplinam
1135 3050 1151 3098 3

99 3147 203 3189 meam
227 3126 401 3212 gesserint,
431 3124 541 3189 statim
570 3126 788 3205 cotirceantur3
820 3125 888 3205 aut,
912 3123 939 3187 si
962 3125 1035 3206 plus
1063 3122 1116 3186 ad-

100 3216 260 3300 miserint,
290 3237 386 3299 quam
410 3218 447 3279 ut
469 3215 560 3278 inre
583 3211 744 3295 praesenti
772 3212 849 3277 satis
876 3212 1064 3296 puniantur,
1089 3213 1117 3276 si

175 3449 208 3496 15
227 3447 271 3498 est
289 3463 315 3510 a,
335 3445 364 3499 et
383 3444 420 3497 K.
495 3446 528 3496 27
548 3439 624 3495 enim
641 3441 721 3494 tanto
740 3439 831 3509 magis
846 3439 947 3494 eadem
963 3440 1124 3505 requirent,

100 3515 206 3580 quanto
223 3513 273 3570 inf,
292 3534 312 3570 a
330 3547 366 3556 -
383 3514 462 3570 idem
479 3515 581 3588 petent
602 3512 747 3579 Beroald,
764 3512 839 3566 Κλ.
907 3514 950 3561 me
966 3506 1145 3569 mmmmm

91 3585 158 3636 tuae
178 3585 287 3653 Oatan,
307 3587 380 3658 K.I,
399 3588 488 3646 idem.
507 3588 614 3645 Biduo.
629 3586 684 3643 dil.
695 3585 800 3642 nanee
816 3569 1136 3650 sexcentorum*-
