2506 3862
398 221 657 276 EPISTULARUM
675 221 713 274 [Χ
731 227 845 276 11-16.
1065 221 1131 286 239

117 386 278 450 mendant.
324 385 437 469 Vides,
466 385 521 468 qui
543 407 601 469 per
627 385 738 450 funem
766 384 801 450 in
824 407 949 450 summa
976 387 1133 470 nituntur,

118 479 255 559 quantos
279 476 405 538 soleant
434 475 573 539 excitare
602 475 770 559 clamores,
803 495 876 539 eum
907 476 973 538 iam
1004 475 1133 559 iamque

118 565 224 644 casuri
245 563 402 628 videntur.
449 567 529 627 Sunt
557 564 642 627 enim
675 565 814 628 maxime
846 564 1019 648 mirabilia,
1052 583 1168 647 qua04

118 654 256 717 maxime
284 654 459 737 insperata,
491 653 630 717 maxime
662 653 859 736 periculosa,
890 657 990 737 utque
1021 651 1132 718 Graeci

91 744 220 827 imagis
244 743 437 826 exprimunt,
460 741 642 827 παράβολα.
671 740 747 806 Ideo
770 764 972 826 nequaquam
996 764 1054 825 par
1076 763 1133 826 gu-

118 832 296 896 bernatoris
321 834 369 895 est
387 832 498 914 virtus,
522 852 595 895 cum
613 832 739 915 placido
759 835 791 895 et
811 853 884 896 cum
903 832 1032 895 turbato
1052 831 1133 895 mari
1169 870 1180 895 .

118 921 265 1006 vehitur,
301 924 379 985 tunc
411 920 588 984 admirante
624 921 714 985 nullo
746 921 943 1004 inlaudatus,
975 920 1132 1006 inglorius

119 1010 205 1074 subit
227 1014 370 1094 portum3
398 1014 445 1093 at,
468 1030 542 1074 cum
566 1009 705 1073 stridunt
727 1010 834 1094 funes,
858 1013 1007 1074 curvatur
1030 1010 1133 1094 arbor,

119 1099 334 1183 gubernacula
366 1103 513 1184 gemunt,
549 1102 627 1163 tunc
662 1099 717 1162 ille
755 1099 858 1163 clarus
891 1102 923 1163 et
954 1098 1003 1162 dis
1036 1100 1132 1163 maris

78 1218 104 1257 1⁰
117 1189 291 1271 proximus.
316 1186 381 1251 Cur
393 1188 495 1252 haee?
514 1186 596 1263 Quia
614 1188 701 1253 visus
721 1210 754 1252 es
769 1188 850 1251 mihi
863 1189 898 1252 in
912 1188 1038 1272 scriptis
1053 1188 1132 1252 meis
1151 1205 1167 1253 σ

118 1277 285 1341 adnotasse
316 1277 472 1361 quaedam
502 1281 538 1341 ut
560 1278 698 1360 tumida,
722 1299 802 1360 quae
826 1299 885 1362 ego
910 1277 1069 1360 sublimia,
1096 1280 1132 1341 ut

118 1367 263 1450 inproba,
286 1388 367 1449 quae
391 1387 450 1452 ego
475 1366 634 1449 audentia,
657 1371 695 1430 ut
717 1366 826 1449 nimia,
849 1387 930 1449 quae
954 1388 1013 1452 ego
1037 1367 1132 1450 plena

118 1455 303 1520 arbitrabar.
336 1455 517 1519 Plurimum
536 1459 643 1519 autem
666 1455 773 1538 refert,
795 1455 1054 1539 reprehendenda
1077 1456 1131 1519 ad·

117 1549 210 1609 notes
234 1567 276 1608 au
298 1545 445 1629 insignia.
488 1541 600 1608 Omnis
624 1546 709 1608 enim
734 1544 880 1627 advertit,
904 1544 990 1627 quod
1013 1545 1167 1610 eminete

77 1662 104 1702 15
119 1638 151 1697 et
174 1637 275 1718 extat,
309 1634 364 1698 sed
394 1633 459 1697 aeri
482 1633 660 1698 intentione
683 1632 923 1698 diiudicandum
947 1636 1008 1716 est,
1031 1633 1133 1697 inmo-

119 1723 225 1787 dicum
260 1722 302 1786 sit
334 1745 375 1786 au
398 1722 531 1807 grande,
563 1722 665 1786 altum
694 1745 735 1786 an
762 1744 900 1787 enorme.
945 1720 1068 1805 Atque,
1097 1726 1133 1785 ut

119 1810 297 1875 Homerum
325 1811 530 1895 potissimum
558 1812 730 1897 attingam,
760 1833 856 1895 quem
883 1810 1013 1875 tandem
1041 1811 1133 1875 alter·

118 1904 223 1964 utram
247 1901 282 1963 in
304 1904 429 1984 partem
448 1903 555 1984 potest
577 1900 688 1985 fugere
708 1898 835 1985 ‘'AW
858 1899 900 1964 δὲ
923 1899 1133 1982 σάλπιγξεν

118 1988 236 2070 μέγας
259 1988 438 2074 οὐρανός·
472 1987 556 2074 ἠέρι
575 1987 606 2052 δ’
628 1991 739 2073 ἔγχος
758 1986 952 2054 ἐκέκλιτο’
976 1992 1008 2052 et
1026 1992 1132 2053 totum

78 2108 104 2146 ao
117 2079 198 2141 iHud
217 2078 318 2142 ‘odra
338 2079 539 2160 θαλάσσης
557 2087 658 2162 κῦμα
681 2080 799 2142 τόσον
818 2076 951 2163 βοάοίλ
970 2075 1033 2142 Sed
1052 2099 1132 2162 opus
1153 2095 1168 2142 ἰ

118 2171 166 2231 est
190 2167 335 2231 examine
365 2171 397 2231 et
419 2167 515 2250 libra,
547 2166 745 2232 incredibilia
773 2167 837 2231 sint
859 2167 939 2230 haec
969 2172 1002 2231 et
1024 2166 1132 2231 inania

117 2279 159 2319 au
181 2256 352 2340 magnifica
375 2260 407 2320 et
427 2255 582 2321 caelestia.
605 2254 675 2321 Nee
692 2276 779 2320 nunc
798 2278 857 2341 ego
877 2278 928 2320 me
946 2255 996 2319 his
1015 2255 1133 2320 similia

117 2350 173 2408 aut
196 2346 314 2409 dixisse
344 2349 400 2409 aut
430 2367 523 2429 posse
554 2346 657 2409 dicere
681 2349 769 2429 pute.
814 2343 891 2410 Non
921 2345 966 2409 ita
994 2345 1132 2428 insani03

119 2433 173 2497 sed
190 2434 254 2498 hoc
272 2434 417 2519 intellegi
435 2435 520 2517 volo,
542 2435 696 2499 laxandos
712 2456 780 2499 esse
795 2434 996 2517 eloquentiae
1014 2433 1132 2516 frenos,

78 2547 104 2587 ae
118 2542 177 2585 nec
200 2523 428 2608 angustissimo
452 2544 531 2608 gyro
560 2523 762 2607 ingeniorum
790 2524 929 2606 impetus
956 2521 1132 2607 refringen-

119 2611 184 2675 dos.
229 2610 275 2675 At
297 2613 382 2676 enim
406 2612 469 2675 alia
488 2612 633 2676 condicio
658 2616 835 2694 oratorum,
864 2612 927 2676 alia
954 2615 1131 2695 poetarum.
1151 2627 1167 2676 8

119 2698 216 2774 Quasi
238 2722 314 2764 vero
337 2700 380 2764 M.
404 2699 529 2764 Tullius
552 2701 658 2764 minus
677 2701 799 2765 audeat.
827 2699 1028 2783 Quamquam
1046 2699 1133 2764 hunc

119 2790 247 2871 omitt03
278 2810 382 2872 neque
412 2790 497 2853 enim
527 2790 648 2875 ambigi
677 2793 765 2872 puto.
808 2786 871 2853 Sed
899 2789 1133 2854 Demosthenes

119 2879 197 2961 ipse,
219 2877 274 2941 ille
298 2899 411 2941 norma
434 2880 569 2943 oratoris
593 2883 625 2943 et
647 2880 767 2964 regula,
789 2899 867 2942 num
892 2901 925 2942 se
949 2878 1078 2943 cohibet
1101 2883 1133 2943 et

78 2966 300 3050 recomprimit,
341 2987 413 3030 cum
455 2967 533 3031 dicit
573 2968 629 3031 illa
668 2968 849 3032 notissima:
895 2965 1133 3053 νἉνθραιτοι

118 3053 252 3142 μιαροὶ
275 3053 339 3120 καὶ
362 3058 525 3132 κόλακες
547 3054 610 3120 καὶ
634 3054 863 3142 άλάστορες’
887 3060 919 3120 et
936 3079 1046 3121 rursus
1071 3056 1132 3121 ‘od

118 3149 251 3220 λίθοις
275 3144 447 3228 ἐτείχισα
469 3145 540 3228 τὴν
562 3147 678 3210 πόλιν
707 3145 799 3209 οὐδὲ
827 3148 1015 3221 πλίνθοις
1047 3143 1132 3227 e’yu'r'

118 3238 149 3298 et
183 3234 291 3299 statim
324 3234 411 3297 ‘oda
448 3233 488 3298 ἐκ
523 3234 594 3315 μὲν
625 3233 822 3317 θαλάττης
854 3235 923 3318 τὴν
954 3235 1133 3316 Εὔβοιαν

190 3396 204 3444 7
224 3390 361 3460 inglorius
372 3393 481 3460 Dore,
498 3391 558 3446 Otto
568 3395 629 3457 305,
643 3389 813 3460 ingloriosus
824 3392 867 3456 M,
883 3391 920 3444 K.
937 3392 1020 3458 (diso.
1030 3392 1137 3452 [1223.

119 3466 151 3514 10
167 3460 222 3514 Cur
235 3460 323 3515 haec?
343 3461 415 3526 Quia
428 3464 518 3532 Dpa,
533 3463 622 3530 KH,
638 3461 720 3517 Haec
734 3462 806 3533 quia
820 3462 957 3526 MAU.
1007 3463 1050 3506 us
1066 3458 1162 3503 Rem.

117 3535 212 3585 oaea
288 3537 322 3585 20
340 3535 425 3590 Hom.
446 3537 550 3593 neae.
626 3541 664 3591 m
684 3535 780 3603 libra,
794 3531 909 3600 'mquid
926 3524 1087 3594 unffi.
1137 3515 1204 3623 {ng

102 3602 387 3659 rotiliaKIL-
407 3610 494 3667 Dem.
512 3612 633 3670 XVIII
643 3615 713 3669 296.
771 3612 814 3662 ‘ai
832 3603 965 3660 dodau.
1019 3593 1063 3636 ‘aa
1080 3582 1128 3630 ds.
1205 3601 1213 3610 =
