2506 3862
376 207 630 262 praecrassus
652 213 812 262 rar-ao.
823 224 843 264 1.
1052 208 1117 273 315

104 372 244 436 tumacia
267 375 300 434 et
323 370 549 457 dedignatione
571 371 717 455 parendi!
754 370 875 435 Tutum
904 375 952 434 est
973 390 1151 437 reveren-2

104 460 197 542 tiam,
224 464 331 524 tutum
360 462 526 525 caritatem
554 462 682 545 mereri,
711 482 771 525 nec
800 461 918 524 ducum
947 462 1116 544 quisquam
1232 526 1235 531 .

103 553 160 613 aut
182 572 247 613 non
271 550 371 612 amari
395 572 413 612 a
435 550 594 614 militibus
618 553 674 614 aut
696 550 797 615 amari
824 549 930 632 timet,
959 549 1019 633 [et]
1044 551 1116 614 inde

104 639 243 702 offensae
266 640 386 722 pariter
409 640 594 724 gratiaeque
617 641 722 704 securi
745 641 867 702 instant
891 640 1051 722 operibus,
1070 661 1117 703 as-

77 757 89 796 1
104 732 179 793 sunt
193 729 484 812 exercitationibus,
498 751 594 812 arma,
605 729 740 811 moenia,
750 729 836 792 viros
850 731 970 811 aptant,
990 727 1116 810 Quippe
1136 745 1151 792 3

103 839 168 880 non
192 819 218 893 11
242 819 400 901 princeps,
424 819 479 900 qui
502 817 564 882 sibi
585 819 759 900 imminere,
784 817 846 881 sibi
868 817 993 881 intendi
1015 821 1117 899 putet,

104 906 190 989 quod
218 907 252 970 in
277 906 387 971 hostes
415 911 558 991 paretur3
587 928 667 989 quae
695 906 859 989 persuasio
886 905 951 970 fuit
977 906 1117 988 illorum,

104 997 168 1078 qui,
190 996 321 1059 hostilia
345 1017 417 1059 oum
440 996 592 1078 facerent,
615 997 780 1059 timebant.
818 993 920 1059 Iidem
947 1017 1024 1081 ergo
1053 999 1117 1058 tor-

103 1106 178 1167 pere
201 1085 352 1148 militaria
376 1084 480 1148 studia
503 1107 563 1148 nec
585 1086 709 1149 animos
728 1084 834 1167 modo,
858 1085 913 1148 sed
932 1089 964 1148 et
983 1106 1117 1167 corpora

63 1175 173 1256 reipsa
195 1175 409 1259 languescere,
433 1174 557 1260 gladios
580 1175 677 1238 ctiam
700 1174 824 1237 incuria
841 1174 987 1238 hebetari
1009 1177 1117 1237 retun-

104 1262 199 1344 dique
222 1262 412 1348 gaudebant.
450 1263 556 1327 Duces
579 1285 675 1347 porro
699 1264 803 1327 nostri
825 1284 891 1326 non
914 1267 980 1326 tam
1004 1284 1116 1348 regum

103 1356 285 1416 exterorum
312 1374 408 1434 quam
437 1374 568 1417 suorum
591 1353 773 1436 principum
802 1352 934 1415 insidias
961 1373 1022 1417 nec
1049 1356 1116 1415 tam

102 1441 245 1505 hostiurn
270 1464 366 1523 quam
386 1442 642 1506 commilitonum
661 1463 774 1505 manus
793 1440 977 1523 ferrumque
996 1445 1117 1505 metue·

103 1531 189 1594 bant.
230 1530 292 1594 Est
318 1531 398 1594 haec
424 1535 539 1595 natura
567 1531 737 1613 sideribus,
764 1534 801 1593 ut
831 1552 930 1612 parva
957 1534 990 1593 et
1022 1527 1169 1594 exilialtl

62 1647 88 1687 11
102 1620 293 1683 validiorum
318 1624 447 1684 exortus
473 1620 635 1703 obscuret,
662 1620 811 1684 similiter
838 1620 1040 1701 imperatoris
1064 1619 1116 1681 ad-

102 1712 200 1771 ventu
218 1709 400 1794 legatorum
419 1709 559 1794 dignitas
578 1710 789 1773 inumbratur.
821 1707 870 1771 Tu
890 1712 998 1771 tamen
1014 1709 1117 1772 maior
1136 1725 1151 1770 a

103 1798 251 1861 omnibus
266 1798 396 1881 quidem
411 1820 490 1880 eras,
504 1799 559 1862 sed
573 1800 641 1862 sine
655 1799 753 1862 ullius
769 1798 987 1861 deminutione
1001 1798 1116 1880 maior,

103 1886 234 1951 eandem
249 1888 473 1952 auctoritatem
488 1892 655 1970 praesente
673 1892 706 1951 te
721 1888 856 1969 quisque
871 1909 967 1969 quam
985 1887 1116 1950 absente

101 1976 273 2061 retinebat,
298 1978 377 2059 quin
399 1977 496 2040 etiam
514 1977 676 2060 plerisque
699 1998 739 2040 ex
757 1998 795 2040 eo
817 1977 995 2040 reverentia
1014 1996 1116 2039 acces-

61 2092 89 2132 11
103 2068 195 2147 serat,
219 2067 305 2148 quod
328 2069 364 2129 tu
384 2087 511 2148 quoque
530 2067 603 2129 illos
621 2066 816 2130 reverebare.
852 2062 966 2148 Itaque
984 2064 1115 2147 perinde
1136 2081 1151 2127 3

103 2155 235 2218 summis
259 2159 356 2238 atque
379 2155 498 2219 infimis
523 2176 613 2218 carus
637 2155 683 2218 sic
711 2156 936 2237 imperatorem
961 2155 1116 2217 commili-

101 2248 274 2327 tonemque
297 2245 479 2327 miscueras,
506 2248 543 2308 ut
566 2243 707 2308 studium
737 2245 881 2306 omnium
907 2243 1116 2324 laboremque

101 2336 134 2396 et
157 2336 321 2416 tamquam
344 2337 474 2397 exactor
499 2334 679 2398 intenderes
707 2336 740 2396 et
762 2335 928 2415 tamquam
955 2333 1115 2415 particeps

102 2423 271 2505 sociusque
294 2424 459 2486 relevares.
496 2422 618 2487 Felices
644 2423 727 2504 illos,
751 2443 888 2504 quorum
911 2421 990 2485 fides
1015 2424 1047 2484 et
1069 2421 1116 2483 in·
1135 2437 1152 2482 4

61 2536 88 2576 11
103 2510 225 2574 dustria
243 2534 309 2575 non
327 2534 384 2595 per
407 2513 621 2576 internuntios
641 2516 673 2575 et
691 2512 891 2593 interpretes,
910 2510 965 2574 sed
986 2511 1116 2592 abipso

103 2603 135 2662 te
157 2621 217 2663 nec
240 2602 370 2665 auribus
389 2602 463 2685 tuis,
483 2602 538 2666 sed
557 2602 659 2664 oculis
677 2600 911 2684 probabantur!
945 2598 1118 2662 Consecuti

102 2692 188 2771 sunt,
214 2694 251 2752 ut
279 2691 393 2753 absens
421 2712 550 2773 quoque
579 2690 617 2752 de
645 2689 832 2753 absentibus
860 2689 982 2752 nemini
1012 2688 1116 2772 magis

104 2800 201 2860 quam
224 2779 285 2841 tibi
309 2779 462 2844 crederes.

168 2865 236 2930 Iam
269 2871 301 2931 te
334 2869 453 2931 civium
485 2867 641 2932 desideria
672 2867 879 2948 revocabant,
911 2862 1169 2947 amoremque20

60 2981 88 3021 eo
103 2959 281 3020 castrorum
296 2958 467 3040 superabat
483 2959 599 3020 caritas
613 2957 746 3040 patriae.
777 2953 845 3020 lter
861 2955 936 3019 inde
954 2954 1116 3038 placidum

102 3066 139 3108 ao
162 3045 342 3109 modestum
362 3050 395 3110 et
417 3048 512 3129 plane
534 3069 552 3109 a
570 3066 648 3128 pace
666 3045 838 3109 redeuntis.
873 3042 943 3107 Nec
961 3065 1036 3107 vero
1056 3065 1115 3128 ego
1136 3059 1151 3106 2

101 3136 135 3197 in
148 3135 299 3198 laudibus
313 3137 378 3199 tuis
392 3157 520 3219 ponam,
535 3134 622 3218 quod
640 3134 812 3198 adventum
832 3137 924 3197 tuum
942 3155 1008 3196 non
1026 3136 1118 3215 pater

103 3225 282 3306 quisquam,
304 3247 371 3288 non
394 3226 527 3287 maritus
551 3224 694 3306 expavit;
716 3223 865 3286 affectata
883 3222 954 3285 aliis
978 3221 1117 3301 castitas,

102 3311 164 3374 tibi
186 3314 331 3398 ingenita
350 3317 382 3378 et
405 3314 515 3376 innata
539 3314 686 3395 interque
705 3334 751 3394 ea,
770 3333 851 3394 quae
869 3312 1028 3394 imputare
1051 3330 1118 3372 non

61 3424 88 3464 11
103 3402 216 3482 possis.
251 3401 369 3467 Nullus
389 3403 424 3466 in
442 3401 607 3487 exigendis
630 3400 786 3479 vehiculis
804 3400 973 3482 tumultus,
991 3399 1117 3462 nullum
1137 3414 1152 3460 3

168 3593 365 3663 11111111,
386 3597 501 3653 nasa.
515 3602 582 3666 111,
601 3596 713 3654 axinus
733 3593 847 3649 1111.
