2506 3862
144 192 209 256 184
578 189 605 244 (ι.
624 189 723 244 PLINI

143 352 239 442 (nihil
256 375 387 440 possum
407 353 572 418 inlustrius
591 351 708 441 dicere)
728 356 835 418 tantae
853 352 990 416 feminae
1009 354 1156 435 matrem,

142 465 251 508 rursus
274 444 384 508 videor
405 443 561 526 amittere,
584 465 679 527 quam
702 442 790 526 haec,
812 446 849 506 ut
871 441 975 506 reddit
998 461 1035 505 ec
1057 440 1157 505 refert

142 534 250 616 nobis,
282 534 327 597 sic
358 533 480 597 auferet
512 553 619 597 secum
651 553 766 615 meque
798 535 831 595 et
857 551 941 594 novo
973 530 1093 614 pariter
1123 534 1157 594 et

90 641 124 689 ιο
143 623 276 687 rescisso
306 623 436 687 vulnere
466 621 602 686 adficiet.
646 619 825 705 Utramque
855 619 953 701 colui,
984 623 1156 701 utramque

143 712 256 796 dilexi3
291 716 396 775 utram
429 711 548 796 magis,
578 711 700 793 nescio,
736 730 794 774 nec
826 709 962 774 discerni
993 707 1155 772 volebant.
1184 736 1197 777 s

142 800 333 865 Habuerunt
360 799 466 864 officia
493 821 564 863 mea
592 800 627 863 in
650 799 809 881 secundis,
840 798 1022 862 habuerunt
1045 797 1078 859 in
1101 796 1155 859 ad-

142 890 249 954 versis.
272 888 344 975 Ego
360 888 513 953 solacium
527 889 749 974 relegatorum,
768 909 828 973 ego
843 888 929 951 ultor
942 907 1155 969 reversarum3

141 1001 207 1043 non
229 978 291 1042 feci
314 982 423 1042 tamen
444 978 534 1061 paria
556 981 652 1061 atque
675 1000 713 1042 eo
736 977 839 1062 magis
862 977 945 1041 hanc
973 976 1067 1060 cupio
1092 996 1156 1038 ser·

89 1085 121 1134 11
142 1068 218 1151 vari,
240 1071 277 1131 ut
300 1066 380 1131 mihi
403 1066 547 1131 solvendi
568 1070 715 1151 tempora
738 1065 905 1150 supersint.
937 1063 975 1128 ln
992 1063 1044 1128 his
1067 1085 1154 1127 eram

142 1158 242 1240 curis,
274 1177 346 1220 cum
380 1155 549 1220 scriberem
579 1156 620 1219 ad
647 1160 695 1239 te3
727 1176 806 1238 quas
830 1156 857 1219 si
880 1156 957 1219 deus
980 1153 1096 1237 aliquis
1120 1154 1155 1216 in
1170 1181 1197 1221 ιο

143 1246 295 1332 gaudium
318 1245 457 1327 verterit,
480 1245 518 1309 de
541 1249 630 1309 metu
652 1265 718 1309 non
742 1266 863 1328 querar.
908 1242 997 1307 Vale.

616 1409 678 1467 XX.

407 1509 598 1557 crunnus
623 1509 751 1557 rncmo
776 1509 840 1557 suo
865 1509 890 1557 s.

108 1618 121 1666 1
208 1598 341 1663 Librum
368 1604 461 1664 tuum
491 1600 556 1685 legi
583 1603 628 1682 et,
660 1621 755 1682 quam
787 1599 1030 1685 diligentissime
1052 1599 1154 1683 potui,

142 1689 303 1771 adnotavi,
327 1710 409 1772 quae
432 1689 667 1772 commutanda,
690 1710 770 1772 quae
790 1689 956 1753 eximenda
975 1688 1153 1752 arbitrarer.
1170 1714 1196 1755 ιι

141 1775 226 1842 Nam
246 1782 278 1842 et
296 1798 356 1863 ego
375 1800 486 1842 verum
506 1776 609 1842 dicere
627 1778 757 1842 adsuevi
776 1782 809 1842 et
826 1783 863 1842 tu
880 1777 1018 1841 libenter
1036 1777 1153 1840 audire.

141 1864 254 1951 Neque
278 1868 362 1931 enim
386 1867 445 1930 ulli
467 1870 524 1951 pat
510 1867 591 1931 ttien
591 1868 641 1931 ius
663 1867 950 1951 reprehenduntur,
899 1886 1074 1948 nrquam
1098 1866 1154 1949 qui

106 1956 281 2020 amaxime
309 1956 433 2019 laudari
460 1960 630 2020 merentur.
675 1954 771 2022 Nunc
799 1978 818 2018 ι
844 1959 877 2020 te
844 1955 1022 2019 tlibrnm
1045 1976 1153 2018 meum

142 2065 214 2108 cum
238 2044 371 2107 adnotat
371 2044 536 2109 ionibust
522 2046 586 2109 tuis
610 2049 751 2128 expect
798 2043 1011 2128 Oiucundas,
1039 2065 1058 2106 o
1076 2044 1154 2196 pul·

142 2131 233 2197 chres
256 2132 354 2197 vices!
384 2154 479 2215 quam
507 2155 559 2197 me
585 2134 721 2199 delectat
707 2134 857 2217 t,quod,
881 2135 907 2197 si
931 2155 994 2218 qua
1016 2137 1090 2217 post
1092 2133 1153 2196 eris
1169 2159 1196 2199 ro

142 2242 217 2285 cura
243 2221 362 2304 nostri,
393 2243 620 2305 usquequaque
654 2223 848 2305 narrabitur,
880 2244 943 2306 qua
975 2221 1153 2304 concordia,

106 2327 122 2374 3
142 2310 356 2393 simplicitate,
373 2310 436 2374 fide
454 2311 644 2375 vixerimus!
667 2311 739 2376 Erit
757 2334 864 2376 rarum
883 2315 915 2376 et
933 2311 1057 2396 insigne
1072 2311 1152 2374 duos

140 2398 287 2463 homines
309 2403 427 2482 aetate,
456 2398 612 2485 dignitate
641 2401 873 2485 propemodum
896 2399 1057 2484 aequales,
1086 2421 1152 2463 non

141 2487 260 2552 nullius
274 2488 317 2552 'in
339 2488 455 2552 litteris
482 2488 621 2553 nominis
652 2487 765 2576 (cogor
788 2490 872 2554 enim
901 2489 939 2553 de
968 2493 1000 2553 te
1024 2510 1151 2572 quoque

140 2578 266 2661 parcius
281 2577 393 2661 dicere,
417 2578 491 2660 quia
511 2578 548 2641 de
567 2600 618 2642 me
633 2579 729 2642 simul
747 2576 843 2665 dico),
866 2579 1001 2642 alterum
1020 2578 1151 2641 alterius
1166 2603 1193 2643 rs

104 2665 246 2730 4studia
267 2666 394 2731 fovisse.
438 2666 597 2750 Equidem
620 2668 891 2750 adulescentulus,
923 2688 995 2732 cum
1023 2666 1087 2730 iam
1114 2670 1151 2730 tu

141 2754 226 2818 fama
259 2756 424 2841 gloriaque
455 2761 595 2838 floreres,
626 2761 658 2820 te
691 2757 844 2841 sequi,t
830 2718 891 2821 tibi
927 2755 1055 2841 longo
1088 2755 1152 2819 sed

141 2843 344 2926 proximus
376 2845 595 2909 intervallo'
633 2850 666 2910 st
697 2867 765 2910 esse
797 2850 829 2910 et
860 2845 971 2910 haberi
1003 2844 1151 2928 concupi-

142 2931 276 2996 scebam.
306 2931 351 2995 Et
370 2937 459 2997 erant
477 2935 579 2998 multa
594 2934 791 2998 clarissima
782 2935 924 3020 mgenia3
943 2933 1030 2998 sedt
1016 2937 1052 2997 tu
1071 2933 1152 2996 mihi

142 3016 201 3105 (ita
238 3020 349 3084 similit
350 3021 413 3085 udo
449 3026 581 3086 naturae
621 3021 757 3110 ferebat)
798 3024 936 3087 maxime
977 3022 1194 3105 imitabilium

106 3108 280 3173 smaxime
302 3109 475 3174 imitandus
493 3110 660 3176 videbaris
694 3110 764 3188 Quo
783 3113 886 3198 magis
905 3111 1038 3198 gaudeo,
1056 3111 1151 3194 quod,

142 3197 169 3260 si
193 3197 264 3280 quis
288 3197 326 3261 de
350 3199 463 3263 studiis
486 3222 603 3285 sermo,
626 3223 690 3264 una
712 3202 925 3284 nominamur,
948 3201 1034 3283 quod
1057 3201 1096 3264 de
1118 3204 1150 3264 te

106 3285 274 3369 eloquent
260 3287 347 3350 tibus
371 3289 444 3352 stat
435 3311 480 3352 un
504 3310 644 3354 occurro.
689 3287 758 3355 Nec
785 3290 900 3354 desunt
886 3290 996 3372 t,qui
1023 3291 1151 3371 utrique

140 3379 286 3439 nostrum
308 3376 535 3460 praeferantur.
572 3377 635 3442 Sed
656 3400 725 3462 nos,
747 3379 829 3443 nihil
846 3379 979 3442 interest
996 3399 1068 3442 mea
1086 3399 1150 3461 quo

185 3569 228 3615 27
251 3567 327 3638 Vm.
348 3572 385 3626 Α,
406 3572 436 3628 V
437 3576 501 3629 320.
