2506 3862
394 220 653 274 EPISTULARUM
670 219 708 273 IX
729 225 770 287 12,
791 225 831 274 13.
972 176 979 185 Ι
1053 219 1118 283 229

105 406 193 470 gere,
222 406 295 448 oum
322 385 387 448 iam
416 384 493 448 satis
520 383 643 469 primus
670 385 725 447 ille
757 383 897 468 impetus
925 383 1119 468 deservisset,

105 478 137 538 et
159 473 343 559 languidior
365 473 400 536 in
423 473 490 537 dies
512 474 561 536 ira
587 473 628 536 ad
650 472 807 537 iustitium
830 472 978 556 redisset,
1010 495 1119 556 quam·

105 566 295 646 quamtum
319 563 457 627 maxime
487 563 589 626 tristis
619 562 737 626 amissa
765 583 868 646 nuper
896 583 996 625 uxore
1024 563 1119 626 mitto

105 652 145 715 ad
172 651 323 716 Anteiam
356 648 472 738 (nupta
502 651 582 715 haec
609 649 760 715 Helvidio
791 647 925 737 fuerat),
956 672 1051 736 rogo,
1082 655 1119 715 ut

79 742 222 824 11111111,
245 741 321 824 quia
344 763 395 804 me
417 761 528 805 recens
547 739 651 804 adhuc
673 742 779 805 luctus
797 740 909 804 limine
933 740 1119 804 contineret.

105 828 151 893 Ut
169 831 266 914 venit,
290 830 495 894 ‘destinatum
515 829 575 894 est'
594 830 725 912 inquam
745 827 837 892 ‘mihi
856 829 1007 893 maritum
1027 833 1119 892 tuum
1156 843 1172 892 5

105 940 172 983 non
208 919 347 983 inultum
384 920 460 1003 pati.
515 917 639 984 Nuntia
671 916 783 982 Arriae
815 922 849 982 et
877 917 1030 982 Fanniae’
1064 915 1118 1003 (ab

106 1007 202 1072 exilio
225 1006 413 1095 redierant);
437 1009 580 1072 ‘consule
602 1011 648 1089 te,
679 1007 810 1072 consule
832 1007 918 1090 11111,
945 1029 987 1071 an
1013 1005 1120 1071 1111111

105 1097 242 1160 adscribi
264 1097 365 1180 fact0,
395 1098 428 1161 in
451 1120 516 1182 quo
539 1119 600 1183 ego
625 1098 741 1161 comite
764 1118 829 1160 non
852 1116 945 1180 egeo;
977 1097 1121 1161 sednon

65 1212 91 1253 ro
105 1187 151 1249 ita
179 1185 300 1271 gloriae
327 1209 417 1251 meae
439 1187 587 1270 faverim,
618 1189 655 1249 ut
683 1185 775 1250 vobis
803 1187 955 1250 societate
982 1186 1049 1249 eius
1073 1187 1120 1248 in·

105 1275 250 1339 videam?
296 1275 420 1340 Perfert
442 1274 560 1340 Anteia
583 1276 745 1358 mandata,
767 1294 827 1338 nec
849 1275 924 1339 illae
946 1279 1119 1339 morantur.
1158 1288 1174 1337 6

106 1361 295 1448 Opportune
331 1369 460 1429 senatus
496 1365 581 1429 iutra
613 1364 696 1428 diem
729 1364 869 1428 tertium.
916 1361 1032 1427 Omnia
1060 1384 1120 1448 ego

106 1474 231 1536 semper
258 1454 299 1517 ad
322 1451 496 1518 CoreUium
523 1455 647 1537 rettuli,
680 1475 773 1538 quem
804 1452 1121 1538 providentissimum

105 1543 219 1606 aetatis
257 1547 385 1607 nostrae
421 1544 757 1627 sapientissimumque
793 1543 943 1627 cognovi,
984 1542 1019 1605 in
1058 1542 1121 1606 hoc

65 1657 91 1697 15
105 1635 214 1696 tamen
242 1635 410 1696 contentus
434 1632 569 1697 consilio
593 1653 665 1696 meo
687 1632 735 1695 fui
758 1632 893 1713 veritus,
919 1653 960 1694 ne
987 1633 1122 1714 vetaret,

105 1723 174 1784 erat
204 1721 289 1783 enim
320 1723 522 1785 cunctantior
554 1722 748 1803 cautiorque.
795 1718 858 1784 Sed
887 1741 954 1783 non
983 1719 1121 1782 sustinui

104 1810 304 1874 inducerem
322 1811 474 1893 animum,
498 1831 562 1893 quo
577 1810 683 1873 m'mus
698 1809 747 1873 illi
761 1810 873 1874 eodem
892 1807 943 1871 die
961 1808 1121 1871 facturum

105 1920 156 1962 me
180 1898 366 1981 iudicarem,
395 1900 482 1982 quod
505 1921 546 1962 an
568 1899 720 1981 facerem,
742 1920 808 1963 non
831 1897 1046 1962 deliberabam
1069 1918 1122 1960 ex-

104 1991 213 2072 pertus
237 2011 298 2052 usu
322 1987 359 2051 de
383 2009 436 2071 eo,
460 1988 546 2072 quod
570 1988 791 2071 destinaveris,
822 2008 889 2051 non
913 2008 982 2051 esse
1010 2006 1122 2050 oonsu-

65 2102 92 2142 10
104 2076 226 2159 londos,
250 2077 367 2160 quibus
390 2077 546 2141 consultis
571 2076 705 2160 obsequi
729 2076 853 2141 debeas.
899 2074 1003 2140 Venio
1022 2076 1057 2138 in
1075 2097 1121 2140 se
1158 2088 1174 2137 1

104 2169 226 2250 natum,
240 2167 289 2229 ius
305 2164 431 2230 dicendi
449 2170 533 2251 peto,
552 2166 624 2229 dico
638 2166 801 2251 paulisper
820 2166 961 2229 maximo
976 2165 1120 2229 adsensu.

104 2252 171 2318 Ubi
204 2255 295 2338 coepi
327 2255 448 2320 crimen
479 2257 654 2341 attingere,
684 2277 775 2319 reum
809 2254 980 2337 destinare,
1017 2253 1122 2316 adhuc

105 2345 214 2407 tamen
246 2345 314 2408 sine
343 2346 487 2428 nomine,
518 2344 661 2427 undique
688 2343 769 2408 mihi
791 2344 965 2408 reclamari.
1011 2340 1121 2406 Alius:

107 2430 273 2515 ‘Sciamus
293 2434 365 2516 quis
385 2434 436 2516 sit,
454 2434 572 2518 dequo
591 2438 682 2498 extra
701 2433 845 2497 ordinem
863 2432 1005 2514 referas’,
1023 2431 1119 2494 alius:

66 2545 92 2585 11
108 2518 198 2595 ‘Quis
223 2525 271 2585 est
293 2526 368 2586 ante
390 2523 579 2587 relationem
606 2523 712 2587 reus?
759 2520 854 2586 alius:
887 2519 989 2585 ‘Salvi
1012 2521 1123 2603 simus,

108 2609 163 2690 qui
187 2612 413 2693 supersumus?
450 2610 558 2675 Audio
581 2611 829 2695 inperturbatus,
852 2610 1030 2694 interritus,
1052 2613 1120 2672 tan-
1157 2623 1173 2671 8

107 2701 177 2761 tum
192 2703 358 2782 susceptae
371 2701 418 2764 rei
431 2701 582 2765 honestas
596 2700 691 2783 valet,
712 2704 902 2782 tantumque
916 2699 957 2763 ad
970 2698 1120 2762 fiduciam

106 2788 158 2851 111
176 2791 299 2850 metum
319 2789 433 2874 differt,
456 2789 562 2854 nolint
584 2789 741 2872 homines,
760 2789 846 2873 quod
864 2788 973 2871 facias,
995 2810 1037 2851 an
1055 2809 1121 2850 non

106 2876 252 2959 probent.
284 2876 433 2964 Longum
452 2882 501 2943 est
521 2878 637 2961 omnia,
656 2900 738 2960 quae
755 2882 833 2942 tunc
851 2877 927 2941 hinc
946 2877 1019 2941 inde
1038 2877 1121 2940 iacta

65 2989 92 3030 10
106 2969 190 3049 sunt,
208 2987 379 3032 recensere.
406 2966 590 3032 Novissime
610 2969 735 3031 consul:
759 2965 925 3051 ‘Secunda
944 2965 1120 3031 sententiae
1157 2979 1172 3027 9

105 3053 178 3118 loco
211 3055 296 3120 dices
303 3106 311 3139 ,
344 3058 371 3120 si
403 3056 481 3140 quid
513 3055 674 3120 volueris?
729 3055 947 3122 ‘Permiseras'
978 3055 1120 3138 inquam,

107 3143 206 3227 ‘quod
224 3167 326 3228 usque
345 3145 449 3209 adhuc
468 3145 618 3210 omnibus
637 3144 832 3229 permisisti?
864 3144 997 3227 Resid03
1021 3165 1119 3229 egun-

105 3237 159 3297 tur
181 3234 252 3297 alia.
297 3233 430 3299 Interim
454 3257 506 3299 me
529 3234 659 3318 quidam
688 3257 727 3298 ex
757 3234 977 3299 consularibus
1007 3232 1118 3295 amieis
1139 3245 1174 3294 10

106 3326 227 3386 secreto
252 3328 425 3408 curatoque
449 3345 595 3388 sermone
619 3323 710 3406 quasi
732 3323 829 3388 nimis
858 3323 986 3387 fortiter
1012 3322 1118 3384 incau-

173 3537 187 3582 1
222 3531 389 3590 deservisset
412 3536 528 3609 Dpra,
560 3537 718 3605 0110305,
751 3532 865 3590 deterb.
889 3548 927 3595 ς,
951 3514 1169 3605 domomum

92 3600 136 3663 Μ)
151 3601 199 3666 Kx
215 3605 252 3670 ef·
261 3605 317 3661 IX
322 3612 361 3663 16
380 3627 422 3668 er.
503 3618 540 3670 11
560 3611 741 3670 remotas
762 3626 798 3676 ς,
815 3606 903 3670 nr,
920 3616 951 3652 u.
963 3582 1155 3654 oea-xm·
