2506 3862
402 214 660 270 EPISTULARUM
677 216 717 270 III
736 222 778 284 15,
799 223 842 271 16.
1086 218 1126 281 Π

114 399 268 462 persaepe
296 379 522 463 interroganti,
546 379 624 462 quid
652 385 761 464 ageret
782 402 875 464 puer,
902 382 1129 465 respondebat:

116 467 221 532 ‘Bene
245 468 376 551 quievit,
403 469 541 532 libenter
569 469 677 532 cibum
705 469 873 553 sumpsit'3
905 470 1032 553 deinde,
1056 492 1129 535 cum
1166 485 1182 532 o

115 557 173 620 diu
214 556 375 621 cohibitae
417 558 568 622 lacrimae
609 559 773 622 vincerent
812 564 1130 642 prorumperentque,

116 645 353 731 egrediebatur,
372 649 449 709 tunc
468 668 501 711 se
520 646 624 710 dolori
647 647 757 731 dabat,
780 648 895 711 satiata
917 648 1008 712 siccis
1028 650 1130 712 oculis

88 735 297 817 acomposito
321 736 413 799 vultu
436 736 574 818 redibat,
598 739 763 819 tamquam
786 737 958 800 orbitatem
981 737 1060 800 foris
1083 760 1130 801 re-

114 825 273 906 liquisset.
318 821 521 888 Praeclarum
554 825 683 907 quidem
716 825 797 888 illud
828 824 980 908 eiusdem,
1009 825 1129 890 fenum
1167 841 1183 889 6

116 913 288 998 stringere,
314 913 481 996 perfodere
508 917 634 996 pectus,
657 914 823 978 extrahere
846 914 1035 999 pugionem,
1058 936 1130 997 por·

116 1003 221 1087 rigere
244 1003 370 1084 marito,
394 1002 508 1066 addere
532 1024 643 1066 vocem
662 1004 877 1067 immortalem
901 1025 938 1066 ac
960 1026 1061 1087 paene
1085 1004 1129 1066 di·

116 1091 238 1154 vinam:
285 1090 411 1173 ‘Pacta
438 1112 505 1154 non
532 1091 649 1176 dolet’3
680 1091 735 1155 sed
764 1096 873 1156 tamen
900 1093 963 1156 ista
989 1092 1130 1175 facienti,

76 1180 180 1247 mista
204 1179 322 1243 dicenti
345 1180 448 1265 gloria
472 1183 504 1244 et
527 1181 697 1244 aeternitas
717 1185 790 1244 ante
814 1183 1046 1266 conlocarant,
1066 1203 1129 1264 quo

117 1269 221 1331 maius
238 1272 287 1332 est
301 1269 368 1334 sine
382 1270 525 1352 praemio
541 1269 746 1352 aeternitatis,
761 1270 830 1334 sine
845 1271 989 1352 praemio
1009 1272 1130 1355 gloriae

118 1357 233 1422 abdere
251 1358 408 1440 lacrimas,
423 1359 546 1440 operire
564 1360 688 1422 luctum
707 1359 888 1441 amissoque
907 1360 975 1423 filio
995 1364 1130 1423 matrem

118 1446 223 1510 adhuc
254 1467 356 1531 agere.
407 1445 635 1512 Scribonianus
668 1470 756 1512 arma
791 1448 826 1511 in
855 1445 985 1530 illyrico
1019 1453 1131 1513 contra
1169 1463 1183 1511 7

118 1533 288 1599 Claudium
316 1540 473 1618 moverat3
500 1536 605 1600 fuerat
632 1535 750 1601 Paetus
777 1537 812 1599 in
836 1537 996 1619 partibus,
1025 1539 1130 1602 occiso

77 1652 103 1692 15
119 1622 329 1688 Scriboniano
357 1624 495 1689 Romam
524 1625 718 1690 trahebatur.
754 1625 835 1689 Erat
862 1646 1049 1691 ascensurus
1076 1649 1130 1690 na·
1167 1640 1183 1687 6

118 1736 199 1778 vem.
258 1711 353 1777 hnia
388 1715 508 1779 milites
546 1715 673 1797 orabat,
709 1717 746 1777 ut
783 1715 879 1778 simul
915 1715 1130 1798 inponeretur,

119 1801 260 1885 ‘Nempe
284 1803 385 1866 enim'
409 1804 515 1886 inquit
538 1804 661 1867 ‘daturi
684 1803 760 1867 estis
789 1804 949 1866 consulari
975 1804 1044 1866 viro
1069 1825 1132 1867 ser-

118 1892 211 1955 vulos
235 1891 368 1974 aliquos,
387 1913 524 1975 quorum
543 1914 560 1955 6
583 1914 681 1956 manu
705 1892 812 1955 cibum
836 1893 950 1975 capiat,
973 1915 991 1956 a
1015 1893 1131 1975 quibus

119 1981 282 2063 vestiatur,
312 2003 331 2044 a
360 1982 477 2063 quibus
508 1981 671 2066 calcietur,
702 1982 810 2044 omnia
839 1983 908 2046 sola
939 1981 1131 2065 praestabo?

78 2096 105 2134 ao
118 2068 195 2133 Non
208 2069 405 2152 impetravit3
420 2070 574 2133 conduxit
587 2070 791 2153 piscatoriam
810 2070 991 2134 naviculam
1005 2072 1131 2157 ingens·
1169 2085 1184 2132 9

120 2179 182 2240 que
205 2159 371 2243 navigium
394 2159 528 2222 minimo
553 2163 661 2223 secuta
684 2163 741 2223 est.
786 2158 908 2223 Eadem
932 2161 1016 2244 apud
1040 2159 1131 2225 Olau-

120 2247 208 2309 dium
232 2248 325 2310 uxori
345 2245 555 2332 Scriboniani,
579 2269 651 2311 cum
671 2249 726 2311 illa
744 2248 949 2332 profiteretur
966 2249 1132 2331 indicium,

120 2334 226 2420 ‘Ego'
250 2337 356 2419 inquit
375 2336 423 2400 ‘te
443 2338 579 2419 audiam,
598 2338 688 2401 cuius
707 2338 741 2400 in
760 2338 881 2422 gremio
903 2335 1131 2401 Scribonianus

120 2426 243 2488 occisus
267 2429 324 2507 est,
345 2429 377 2488 61
395 2426 515 2490 111111’
551 2425 603 2489 Ex
626 2447 689 2508 quo
713 2426 919 2490 manifestum
939 2429 987 2490 est
1010 2427 1039 2490 ei
1059 2447 1131 2489 con·
1226 2487 1228 2492 .

80 2540 106 2579 aa
122 2513 230 2577 silium
253 2514 487 2597 pulcherrimae
509 2517 623 2579 mortis
646 2536 712 2578 non
735 2515 878 2578 subitum
901 2515 1008 2579 fuisse.
1046 2512 1131 2589 Quin
1151 2529 1184 2576 10

122 2601 229 2683 etiam,
252 2624 324 2666 cum
347 2602 495 2686 Thrasea,
519 2626 616 2690 gener
639 2604 715 2687 eius,
734 2604 963 2687 deprecaretur,
986 2626 1026 2667 116
1049 2604 1133 2666 mori

121 2695 276 2775 pergeret,
299 2693 446 2774 interque
465 2693 527 2756 alia
546 2694 691 2757 dixisset:
724 2691 799 2756 ‘Vis
819 2714 895 2779 ergo
913 2692 1014 2755 filiam
1033 2695 1131 2774 tuam,

122 2780 149 2842 si
179 2779 259 2843 mihi
288 2781 485 2864 pereundum
512 2781 618 2865 fuerit,
646 2783 729 2845 mori
751 2781 925 2865 mecum?',
952 2782 1132 2866 respondit:

122 2866 174 2931 ‘Si
201 2872 268 2932 tam
297 2870 351 2932 diu
378 2873 531 2951 tantaque
559 2871 729 2935 concordia
755 2871 872 2934 vixerit
901 2874 1007 2935 tecum
1035 2892 1131 2954 quam

82 2982 108 3022 ao
123 2979 182 3042 ego
213 2979 284 3020 cum
313 2956 425 3042 Paeto,
453 2958 548 3022 volo'
585 2956 729 3023 Auxerat
755 2958 817 3024 hoc
846 2981 999 3044 responso
1023 2981 1132 3023 curam
1153 2974 1183 3020 11

123 3068 264 3130 suorum,
288 3049 441 3111 attentius
466 3048 712 3112 custodiebatur.
750 3046 857 3113 Sensit
880 3053 912 3112 et
935 3047 1044 3112 ‘Nihil
1067 3049 1132 3134 agi·

122 3135 181 3199 tis'
205 3136 325 3219 inquit,
349 3136 499 3220 ‘potestis
523 3137 608 3200 enim
627 3137 761 3220 efficere,
781 3141 818 3200 ut
840 3139 923 3201 male
946 3139 1132 3220 morianna

123 3225 251 3307 moriar,
269 3246 335 3288 non
353 3225 509 3309 potestis?
544 3224 630 3288 Dum
648 3225 727 3288 haec
746 3226 832 3308 dicit,
851 3227 964 3290 exiluit
983 3225 1132 3289 cathedra
1152 3241 1184 3288 12

196 3387 230 3434 14
248 3385 277 3436 61
290 3390 353 3437 uate
370 3383 460 3436 occiso
477 3385 512 3437 M
522 3384 587 3447 VD,
602 3383 649 3447 K,
663 3399 714 3437 om.
730 3382 913 3464 FR'pepra.
990 3387 1024 3436 20
1042 3382 1131 3437 navic.

124 3453 305 3521 MFDpra,
324 3453 434 3507 naucul.
455 3456 492 3508 K.
511 3471 545 3509 ea
567 3455 597 3519 V,
627 3456 683 3508 Vc.
694 3458 729 3508 37
750 3471 784 3508 ec
808 3455 890 3519 MD,
905 3455 1014 3508 lxm
1036 3471 1070 3508 ec
1089 3454 1132 3519 M,

123 3525 235 3660 {151}
250 3524 350 3648 ,pavia
374 3541 471 3580 omues.
580 3531 613 3578 32
641 3541 676 3578 116
704 3527 812 3594 Fpra,
843 3525 990 3590 0110292,
1018 3527 1050 3578 ut
1076 3540 1133 3578 non
