2506 3862
114 195 180 260 254
432 195 459 250 Ο.
480 195 575 250 PLINI
594 196 640 249 ΕΤ
659 197 811 250 TRAIANI

522 364 574 422 VI.
594 359 716 444 [XXH.]

314 464 343 512 1.
366 465 504 513 Primos
529 465 681 515 TRAIANO
705 465 928 513 lMPERATORI.

80 569 94 617 1
180 553 252 640 Ago
276 555 404 640 gratias,
428 555 569 639 domine,
597 557 683 639 quod
706 560 738 620 et
760 557 810 620 ius
835 555 1007 633 Quiritium
1030 554 1127 621 libcr-

114 644 156 707 tis
187 645 382 708 necessariae
413 643 493 708 mihi
519 645 656 709 feminac
689 649 721 708 et
754 646 916 722 civitatem
944 644 1126 709 Romanam

112 732 314 817 Harpocrati,
336 733 516 816 iatraliptae
540 755 621 817 meo,
645 734 712 798 sine
735 756 826 798 mora
843 733 1013 799 indulsisti.
1051 732 1125 817 Sed,
1150 760 1163 801 s

113 844 185 887 cum
209 844 308 886 annos
333 823 400 886 cius
424 825 456 886 et
479 844 623 906 censum,
646 824 728 887 sicut
750 845 963 907 praeceperas,
986 823 1123 907 ederem,

112 912 293 975 admonitus
327 934 397 975 sum
430 934 448 975 a
478 912 683 994 peritioribus
716 912 861 977 debuisse
893 934 944 976 me
981 915 1056 976 ante
1092 913 1124 976 11

110 1000 360 1064 Alexandrinam
392 1000 554 1065 civitatem
582 1002 763 1085 impetrare,
793 1002 904 1065 deinde
931 1001 1123 1086 Romanam,

76 1089 264 1173 aquoniam
300 1092 383 1153 esset
418 1087 606 1176 Aegyptius.
651 1090 723 1176 Ego
760 1095 879 1174 autem,
920 1091 995 1174 quia
1036 1091 1122 1155 inter

110 1178 288 1264 Aegyptios
316 1183 500 1262 ceterosque
522 1180 707 1265 peregrinos
736 1180 818 1244 nihil
839 1181 991 1244 interesse
1015 1181 1122 1244 crede-
1135 1211 1161 1250 10

111 1268 199 1350 bam,
227 1271 395 1331 contentus
418 1267 541 1332 fueram
563 1269 626 1332 hoc
650 1270 754 1333 solum
784 1270 920 1334 scribere
944 1269 1018 1352 tibi,
1045 1291 1120 1334 eum

111 1356 233 1420 scilicet
251 1380 270 1419 a
286 1357 454 1442 peregrina
472 1358 703 1422 manumissum
717 1362 948 1442 patronamque
968 1358 1035 1422 eius
1054 1358 1122 1422 iam

109 1445 232 1527 pridem
252 1446 430 1510 decessisse.
470 1445 519 1510 Dc
539 1468 602 1529 qua
619 1447 800 1532 ignorantia
817 1470 889 1512 mea
906 1469 972 1511 non
991 1468 1122 1531 queror3

109 1556 167 1616 per
196 1556 292 1617 quam
323 1536 425 1619 stetit,
457 1538 493 1598 ut
521 1535 581 1598 tibi
610 1557 668 1618 pro
702 1537 812 1600 eodem
839 1536 970 1600 homine
994 1538 1122 1620 saepius

111 1623 277 1709 obligarer.
314 1623 407 1709 Rogo
430 1624 548 1708 itaque,
571 1627 608 1687 ut
631 1625 785 1689 beneficio
809 1629 865 1689 tuo
888 1624 1032 1709 legitime
1055 1625 1121 1689 frui
1137 1655 1163 1695 15

108 1714 244 1796 possim,
276 1713 398 1777 tribuas
427 1713 455 1776 ei
484 1716 516 1776 11
538 1711 787 1778 Alexandrinam
816 1715 979 1778 civitatem
1002 1717 1035 1778 et
1058 1714 1123 1779 Ro·

109 1825 244 1866 manam.
277 1799 389 1866 Annos
413 1803 480 1866 eius
504 1805 536 1865 et
560 1824 700 1886 censum,
722 1825 762 1867 ne
786 1804 862 1887 quid
884 1825 993 1867 rursus
1016 1802 1122 1867 indul-

109 1892 250 1976 gentiam
274 1894 363 1955 tuam
387 1894 573 1975 moraretur,
595 1892 719 1956 libertis
739 1892 812 1976 tuis,
836 1892 951 1976 quibus
972 1893 1121 1974 iusseras,

109 2002 190 2043 m1s1.

499 2092 566 2151 VII.
590 2087 728 2172 [XXIII]
1133 2117 1160 2157 ao

451 2193 623 2240 TRAIANUS
646 2193 775 2242 PLINIO.

175 2288 344 2355 Civitatem
380 2288 630 2356 Alexandrinam
668 2293 840 2356 secundum
881 2292 958 2356 insti
974 2293 1119 2358 utionem

107 2381 288 2464 principum
311 2402 377 2444 non
400 2384 518 2444 temere
542 2382 616 2445 darc
639 2383 800 2464 proposui.
847 2381 917 2465 Sed,
941 2403 1013 2446 cum
1037 2381 1119 2447 Har-

106 2471 238 2553 pocrati,
259 2471 438 2552 iatraliptae
462 2474 528 2553 tuo,
548 2470 612 2534 iam
636 2471 798 2535 civitatem
817 2470 995 2535 Romanam
1019 2472 1118 2555 impe-

107 2559 249 2641 traveris,
272 2558 348 2622 huic
371 2580 498 2642 quoque
521 2559 669 2642 petitioni
693 2563 766 2623 tuac
796 2582 912 2646 negare
934 2582 1000 2623 non
1023 2562 1117 2624 susti·
1131 2588 1158 2629 ss

107 2670 175 2711 nco.
207 2647 264 2730 Tu,
288 2669 327 2710 cx
346 2668 409 2731 quo
433 2670 530 2711 nomo
550 2648 601 2731 sit,
624 2652 738 2713 notum
756 2648 836 2713 mihi
854 2650 957 2713 facero
977 2649 1117 2733 debebis,

106 2741 143 2799 ut
166 2737 336 2819 epistulam
364 2737 425 2800 tibi
452 2737 492 2801 ad
514 2736 704 2820 Pompeium
727 2736 892 2822 Plantam,
918 2739 1116 2821 praefectum

106 2823 257 2909 Aegypti,
280 2825 419 2889 amicum
442 2848 559 2909 meum,
582 2827 717 2891 mittam.

490 3008 571 3067 vm.
596 3004 732 3088 [1111111]

307 3107 334 3155 0.
357 3109 496 3157 PLINIUS
520 3110 672 3159 TRAIANO
696 3110 919 3159 IMPERATORI.
1129 3122 1157 3162 ³0

72 3217 85 3263 1
173 3203 252 3270 Oum
273 3207 363 3271 divus
382 3211 473 3290 pater
491 3211 574 3293 tuus,
598 3210 734 3293 domine,
757 3213 789 3273 ct
808 3209 950 3273 oratione
969 3210 1116 3292 pulcher-

105 3295 186 3359 rima
209 3298 241 3359 11
263 3295 488 3361 honestissimo
512 3300 658 3381 exemplo
683 3320 792 3362 omnes
819 3299 902 3362 cives
926 3299 965 3363 ad
988 3299 1115 3363 munifi·

106 3385 242 3448 centiam
266 3388 349 3449 esset
373 3386 566 3470 cohortatus,
588 3388 667 3471 petii
692 3389 731 3452 ab
755 3409 803 3471 eo,
825 3392 862 3451 ut
885 3390 1005 3452 statuas
1028 3389 1115 3471 prin·

92 3474 210 3558 cipum,
232 3497 315 3560 quas
332 3475 367 3541 in
384 3475 578 3566 longinquis
597 3477 684 3565 agris
699 3499 757 3563 per
773 3478 884 3562 plures
901 3477 1115 3541 successiones

73 3561 216 3628 traditas
238 3567 340 3657 milri,
365 3571 485 3657 quales
511 3592 722 3657 acceperam,
750 3563 986 3642 custodiebam,
1001 3562 1176 3640 permit-ec
