2506 3862
128 215 195 280 210
525 236 528 243 ·
564 213 592 269 C.
611 213 709 268 PLINI

130 377 214 455 Quid
241 378 328 444 istud
356 377 396 442 ad
424 379 609 443 censentes?
638 399 718 461 quos
747 382 831 443 certe
858 399 925 441 non
952 377 1043 443 decet
1075 399 1143 441 om-

127 467 224 533 nibus
247 468 379 551 artibus,
402 468 491 531 omni
512 468 637 531 ratione
659 489 812 552 pugnare,
834 489 875 531 ne
897 468 964 550 fiat,
983 466 1070 550 quod
1092 471 1144 531 est

127 558 247 622 mitius.
293 554 430 641 Oportet
452 559 560 620 tamen
584 577 647 640 eos,
675 557 730 640 qui
757 557 906 640 puniunt,
929 560 962 620 et
985 556 1041 638 qui
1062 556 1142 620 rele-

128 650 216 732 gant,
243 645 484 711 absolventibus
511 646 662 729 primum,
688 667 766 709 mox
787 645 873 709 inter
898 667 931 709 se
954 646 1141 728 comparari.

129 734 267 820 Scilicet,
289 738 327 799 ut
349 735 383 798 in
406 735 596 818 spectaculis
619 734 811 817 quibusdam
839 755 907 798 sors
931 735 1071 816 aliquem
1095 756 1141 799 se·
1171 759 1184 798 s

127 826 220 909 ponit
243 845 280 888 ac
303 827 417 907 servat,
440 824 496 906 qui
520 844 592 888 cum
616 824 738 887 victore
763 823 944 906 contendat,
968 825 1014 888 sic
1037 824 1071 886 in
1094 845 1142 888 se-

127 919 206 978 natu
229 917 304 979 sunt
328 913 435 996 aliqua
452 912 565 996 prima,
589 916 664 976 sunt
682 913 821 977 secunda
844 913 1028 994 certamina,
1051 916 1141 975 etex

129 1003 252 1068 duabus
280 1001 447 1067 sententiis
476 1023 560 1085 eam,
587 1023 669 1084 quae
697 1001 841 1084 superior
866 1002 1023 1084 extiterit,
1046 1001 1141 1065 tertia

73 1111 108 1159 22
128 1095 283 1176 expectat.
330 1089 422 1174 Quid,
446 1091 533 1173 quod
554 1091 659 1174 prima
682 1091 840 1154 sententia
868 1090 1065 1173 conprobata
1092 1110 1141 1154 ce-

127 1185 214 1245 terae
236 1179 459 1264 perimuntur?
496 1177 566 1256 Qua
589 1201 664 1264 ergo
688 1179 812 1243 ratione
834 1183 1031 1263 potestesse
1054 1201 1141 1244 nunc
1155 1204 1183 1243 ro

127 1292 210 1335 unus
240 1273 337 1352 atque
364 1267 448 1333 idem
475 1270 567 1332 locus
595 1269 840 1351 sententiarum,
869 1290 1003 1351 quarum
1031 1268 1140 1332 nullus

73 1377 108 1424 23
128 1362 176 1423 221
198 1357 332 1442 postea?
366 1356 499 1422 Planius
520 1361 671 1441 repetam.
708 1356 782 1421 Nisi
804 1356 929 1421 dicente
948 1358 1140 1422 sententiam

128 1469 176 1531 eo,
204 1448 260 1530 qui
287 1448 418 1532 relegat,
444 1447 503 1530 illi,
530 1446 587 1530 qui
612 1447 752 1529 puniunt
775 1447 889 1530 capite,
911 1447 1005 1510 initio
1030 1447 1139 1510 statim

127 1537 162 1600 in
184 1537 247 1600 alia
269 1533 443 1619 discedant,
465 1536 584 1600 frustra
605 1537 718 1619 postea
741 1535 931 1600 dissentient
953 1536 993 1600 ab
1017 1557 1065 1618 eo,
1088 1536 1141 1600 cui

72 1643 108 1691 24
126 1627 223 1709 paulo
242 1628 316 1690 ante
336 1586 561 1690 conseirserint.
597 1622 660 1688 Sed
678 1624 756 1706 quid
775 1645 834 1710 ego
854 1625 968 1689 similis
988 1623 1138 1689 docenti?
1153 1649 1181 1690 22

127 1737 201 1780 cum
224 1714 345 1780 discere
367 1714 543 1797 velim,an
566 1714 739 1778 sententias
764 1713 863 1778 dividi
886 1736 928 1777 an
954 1714 995 1776 iri
1017 1714 1052 1776 in
1075 1714 1139 1777 sin·

127 1804 218 1891 gulas
247 1794 433 1905 oportuerit.
475 1800 610 1867 Obtinui
638 1802 780 1886 quidem,
808 1802 895 1885 quod
921 1802 1140 1887 postulabam,

125 1893 228 1957 nihilo
260 1893 367 1957 minus
399 1895 508 1956 tamen
539 1913 667 1975 quaero,
698 1914 740 1955 an
770 1893 934 1976 postulare
966 1892 1139 1956 debuerim.

127 1980 228 2058 Quem
244 1982 284 2045 ad
301 1981 433 2045 modum
454 1981 601 2045 obtinui?
637 1978 679 2064 Is,
702 1982 758 2082 qui
776 1981 926 2045 ultimum
946 1980 1139 2082 supplicium

127 2071 316 2134 sumendum
340 2091 408 2134 esse
432 2069 595 2152 censebat,
622 2071 730 2133 nescio
754 2070 900 2153 221222,
924 2073 1008 2134 certe
1031 2070 1139 2153 aequi·
1152 2095 1181 2135 so

126 2162 193 2222 1212
224 2159 451 2243 postulationis
483 2181 572 2222 meae
603 2159 708 2223 victus
740 2159 859 2223 omissa
890 2159 1049 2223 sententia
1081 2180 1139 2222 222

127 2249 261 2313 accessit
286 2248 444 2334 relegenti
471 2247 591 2312 veritus
620 2247 756 2331 scillcet,
783 2269 838 2331 ne,
865 2249 893 2312 si
921 2248 1139 2312 dividerentur

127 2338 313 2421 2221221122,
340 2336 427 2420 quod
454 2336 576 2420 alioqui
602 2337 671 2400 fore
697 2336 875 2419 ridebatur,
903 2359 948 2420 ea,
976 2359 1057 2420 2222
1085 2336 1139 2400 ab·

128 2427 296 2491 solvendos
324 2447 392 2491 esse
420 2425 579 2508 censebat,
605 2446 738 2489 numero
766 2427 971 2510 praevaleret.
1007 2424 1138 2489 Etenim

125 2517 222 2602 longe
254 2517 362 2599 plures
394 2515 429 2577 in
459 2513 520 2580 hac
556 2536 621 2577 222
653 2536 749 2597 quam
781 2515 816 2578 in
846 2514 969 2579 duabus
1002 2514 1138 2599 singulis
1153 2539 1180 2579 as

73 2620 108 2669 22
128 2608 225 2669 erant.
262 2603 345 2668 Tum
369 2604 418 2668 1111
436 2624 576 2687 222222,
595 2604 652 2687 221
674 2604 864 2668 auctoritate
883 2605 951 2668 eius
970 2602 1138 2667 traheban-

127 2697 193 2776 tur,
224 2696 409 2758 transeunte
441 2694 498 2757 illo
533 2691 680 2757 destituti
711 2694 910 2777 reliquerunt
946 2694 1137 2758 sententiam

128 2782 167 2846 ab
192 2783 261 2865 ipso
285 2787 415 2846 auctore
443 2781 600 2847 desertam
624 2783 789 2865 secutique
813 2785 888 2847 sunt
916 2783 1008 2864 quasi
1036 2785 1138 2846 trans-

73 2887 108 2935 26
126 2871 247 2955 fugam,
272 2893 367 2954 quem
391 2871 504 2936 ducem
528 2870 750 2954 sequebantur.
788 2868 842 2935 Sic
869 2893 908 2934 ex
936 2870 1041 2935 tribus
1069 2892 1138 2934 ren-

127 2959 237 3022 tentiis
266 2959 346 3023 duae
372 2959 486 3043 factae,
513 2961 681 3043 tenuitque
709 2982 748 3024 ex
771 2960 894 3024 duabus
920 2961 1020 3024 altera
1043 2960 1138 3024 tertia
1152 2985 1180 3024 ac

127 3047 269 3131 expulsa,
292 3069 382 3131 quae,
405 3070 479 3114 cum
502 3048 612 3112 ambas
636 3070 785 3132 superare
806 3070 873 3112 non
895 3053 1013 3132 posset,
1032 3050 1138 3134 elegit,

127 3137 167 3200 ab
190 3139 263 3200 utra
285 3138 473 3202 vinceretur.
519 3135 608 3201 Vale.

198 3334 215 3383 8
239 3328 338 3383 exierit
356 3330 464 3384 Budas.
483 3348 510 3396 a,
531 3329 592 3385 Otto
606 3335 666 3385 304.
767 3334 800 3383 10
822 3346 925 3398 peram.
948 3332 991 3395 Μ,
1005 3331 1074 3384 ΚΙ.
1104 3362 1136 3369 -

126 3419 201 3455 nunc
223 3401 358 3468 Scbcefer,
380 3417 437 3454 non
456 3403 495 3456 Μ
496 3419 527 3469 a,
547 3403 594 3468 K,
612 3403 663 3456 del.
682 3403 729 3456 211.
838 3407 870 3455 19
892 3400 919 3454 12
943 3400 992 3470 221
1011 3402 1086 3455 Bud.
1105 3420 1138 3466 a,

115 3471 181 3524 Otto
192 3475 255 3537 dod,
273 3472 303 3525 r's
320 3489 371 3527 om.
393 3473 437 3541 M,
452 3472 492 3529 Is.
