2506 3862
406 217 665 288 EPISTULARUM
682 210 722 270 ΠΙ
741 223 818 271 1-9.
1076 219 1117 283 67

103 383 277 464 multiplex
308 386 442 464 actaque
475 385 523 447 est
553 382 679 465 saepius
710 402 782 445 cum
812 385 937 467 magna
957 383 1118 447 varietate.

103 470 200 536 Unde
227 471 387 535 varietas?
420 471 503 535 unde
526 472 634 555 plures
660 469 824 534 actiones?
848 467 1005 534 Caecilius
1034 470 1120 535 Clas·

104 561 202 643 sicus,
225 559 323 623 homo
342 559 456 623 foedus
481 565 512 624 et
531 563 639 643 aperte
662 560 775 640 malus,
798 559 1062 641 proconsulatum
1085 561 1120 624 in

105 672 143 714 ea
165 671 231 712 non
254 650 361 712 minus
385 649 542 713 violenter
573 670 669 731 quam
694 646 820 710 sordide
843 652 985 733 gesserat
1008 648 1119 713 eodem

77 760 189 804 canno
215 760 278 820 quo
302 739 337 800 in
359 735 469 802 Africa
491 737 613 800 Marius
636 736 774 800 Priscus.
819 735 899 800 Erat
922 741 1029 801 autem
1052 735 1119 801 Pri·
1139 756 1154 803 3

105 849 179 892 scus
200 849 238 890 ex
256 826 395 909 Baetica,
419 850 458 892 ex
476 826 586 891 Africa
605 823 773 890 Classicus
805 823 883 889 lnde
903 826 1024 891 dictum
1042 825 1121 890 Bae-

105 917 254 997 ticorum,
277 919 313 978 ut
330 917 520 999 plerumque
544 916 636 979 dolor
659 915 755 979 etiam
774 918 926 978 venustos
945 916 1032 998 facit,
1054 937 1121 978 non

104 1006 283 1087 inlepidum
305 1005 480 1069 ferebatur:
505 1004 599 1069 ‘Dedi
617 1005 738 1066 malum
757 1007 789 1067 et
808 1004 936 1087 accepi?
974 1002 1036 1068 Sed
1054 1003 1121 1067 Ma·
1138 1023 1156 1069 4

104 1094 190 1157 rium
210 1116 273 1155 una
292 1094 405 1158 civitas
419 1095 547 1177 publice
566 1093 724 1175 multique
738 1092 856 1176 privati
879 1115 969 1157 reum
992 1115 1121 1178 perege-

63 1210 91 1249 ro
104 1187 191 1266 runt,
214 1183 248 1245 in
272 1180 448 1248 Classicum
472 1187 541 1246 tota
564 1182 730 1266 provincia
752 1181 907 1245 incubuit.
948 1179 1007 1245 Ille
1030 1199 1155 1247 acon-5

106 1272 264 1335 sationem
288 1272 340 1335 vel
361 1272 496 1335 fortuita
519 1271 570 1336 vel
598 1271 778 1335 voluntaria
806 1275 910 1334 morte
938 1272 1120 1355 praevertit.

105 1358 191 1424 Nam
214 1360 278 1423 fuit
301 1382 388 1424 mors
414 1361 481 1424 eius
500 1361 639 1443 infamis,
662 1360 813 1444 ambigua
836 1363 956 1443 tamen3
980 1364 1017 1424 ut
1035 1361 1120 1424 enim

106 1450 260 1514 credibile
279 1449 448 1514 videbatur
466 1451 608 1513 voluisse
632 1451 718 1514 exire
741 1448 780 1512 de
802 1448 878 1531 rita,
902 1471 975 1513 cum
995 1449 1121 1513 defendi

107 1561 175 1602 non
204 1543 327 1621 posset,
360 1540 406 1602 ita
436 1540 553 1602 mirum
583 1539 738 1623 pudorem
771 1537 985 1601 damnationis
1018 1544 1121 1603 morte

66 1654 93 1693 15
108 1627 247 1713 fugisse,
279 1649 374 1710 quem
406 1650 473 1691 non
501 1628 670 1712 puduisset
701 1625 880 1690 damnanda
912 1628 1120 1692 committere.

106 1714 220 1779 Nihilo
251 1717 357 1800 minus
386 1716 517 1781 Baetica
549 1719 645 1781 etiam
676 1717 711 1779 in
743 1715 886 1779 defuncti
919 1717 1155 1781 accusationec

107 1806 280 1888 perstabat.
327 1804 496 1870 Provisum
520 1806 582 1870 hoc
604 1805 744 1890 legibus,
772 1805 989 1868 intermissum
1013 1808 1121 1868 tamen

108 1898 141 1958 et
169 1898 245 1977 post
274 1895 404 1980 longam
435 1895 704 1977 intercapedinem
733 1898 810 1958 tunc
835 1894 1011 1958 reductum.
1056 1891 1121 1957 Ad-

109 1983 257 2047 diderunt
275 1982 412 2064 Baetici,
435 1983 521 2066 quod
540 1984 636 2046 simul
660 1983 764 2047 socios
787 1983 1015 2064 ministrosque
1033 1979 1120 2046 Clas·

66 2099 94 2137 ro
109 2072 167 2137 sici
191 2073 375 2136 detulerunt
396 2073 652 2155 nominatimque
675 2072 709 2134 in
732 2093 786 2135 eos
805 2071 1046 2153 inquisitionem
1064 2094 1120 2155 po·
1173 2133 1177 2141 ,

109 2163 317 2225 stulavcrrmt.
354 2159 492 2224 Aderam
515 2161 654 2226 Baeticis
677 2182 866 2243 mecumque
889 2159 1043 2224 Lucceius
1066 2160 1155 2225 All

108 2250 213 2333 binus,
236 2250 285 2313 vir
303 2250 338 2313 in
357 2250 489 2314 dicendo
509 2252 666 2334 copiosus,
686 2253 830 2334 omatus3
854 2271 948 2331 quem
968 2271 1027 2335 ego
1047 2271 1119 2314 cum

110 2339 187 2401 olim
213 2342 325 2401 mutuo
350 2339 529 2424 diligerem,
557 2362 595 2403 ex
618 2339 679 2421 hac
707 2338 806 2402 officii
833 2339 985 2402 societate
1014 2360 1120 2401 amare

109 2427 272 2491 ardentius
297 2429 396 2509 coepi.
428 2427 536 2492 Habet
555 2429 684 2510 quidem
704 2427 814 2512 gloria,
837 2427 872 2489 in
895 2426 1009 2489 studiis
1030 2448 1119 2509 prae·
1139 2443 1154 2490 8

68 2542 94 2581 25
110 2516 232 2597 sertim,
251 2517 401 2598 quiddam
417 2515 661 2599 duoccovdqrov,
678 2516 772 2580 nobis
791 2519 899 2578 tamen
916 2515 1042 2577 nullum
1056 2536 1120 2578 cer-

109 2609 227 2686 tamen,
249 2606 337 2668 nulla
357 2605 529 2688 contentio,
552 2628 625 2669 cum
644 2608 777 2687 uterque
795 2605 865 2687 pari
883 2604 959 2689 iugo
978 2624 1044 2666 non
1061 2624 1119 2687 pro

109 2715 158 2775 se,
189 2691 245 2756 sed
273 2716 331 2777 pro
362 2716 457 2758 causa
486 2695 656 2779 niteretur,
687 2694 777 2757 cuius
809 2696 841 2756 et
870 2692 1057 2777 magnitudo
1089 2696 1120 2755 et

108 2782 233 2845 utilitas
260 2783 329 2846 visa
356 2787 405 2847 est
432 2784 607 2866 postulare,
637 2805 677 2846 ne
700 2785 825 2846 tantum
856 2781 960 2844 oneris
984 2781 1119 2866 singulis

109 2871 291 2935 actionibus
310 2872 498 2936 subiremus.
528 2870 734 2954 Verebamur,
757 2893 797 2933 ne
816 2891 875 2933 nos
895 2870 971 2952 dice,
988 2892 1029 2934 ne
1047 2891 1120 2952 vox,
1139 2887 1154 2933 9

69 2985 96 3024 so
109 2981 150 3023 ne
169 2961 269 3023 latera
289 2961 468 3043 deficerent,
492 2961 519 3023 si
542 2963 592 3023 tot
616 2961 758 3042 crimina,
781 2962 831 3022 tot
853 2980 924 3023 reos
948 2981 1012 3021 uno
1032 2960 1120 3023 velut

107 3049 193 3112 fasce
213 3050 504 3132 complecteremur,
527 3048 640 3112 deinde
662 3071 703 3112 ne
725 3048 866 3112 iudicum
885 3049 1021 3112 intentio
1040 3047 1121 3110 mul-

108 3138 150 3200 tis
180 3138 365 3201 nominibus
389 3138 564 3221 multisque
592 3138 696 3202 causis
723 3158 789 3200 non
815 3137 988 3200 lassaretur
1014 3135 1120 3219 modo,

108 3248 220 3289 rerum
245 3227 340 3290 etiam
361 3227 616 3309 confunderetur,
638 3248 715 3289 mox
733 3247 773 3289 ne
797 3226 900 3310 gratia
919 3226 1119 3311 singulorum

109 3316 227 3378 collata
250 3319 346 3397 atque
373 3317 531 3399 permixta
553 3337 612 3400 pro
637 3315 773 3400 singulis
796 3335 923 3397 quoque
946 3315 1029 3378 vires
1054 3334 1120 3376 om-

182 3458 215 3506 25
234 3453 527 3508 AKOINONOHTON
546 3463 571 3511 et
588 3456 620 3509 ia
638 3471 727 3528 marg.
746 3472 944 3524 aucreceptus
958 3454 1004 3517 F,
1019 3447 1146 3502 saetos-

109 3544 195 3592 νητον
204 3527 235 3578 D
246 3526 340 3579 Calan.
351 3544 376 3591 a,
386 3526 434 3592 K,
448 3526 640 3586 duotrovrrov
651 3547 677 3591 ς.
695 3530 776 3586 Ado.
786 3529 852 3586 crit.
863 3527 924 3583 osc.
936 3524 999 3578 Au.
1007 3515 1172 3588 plumb-

101 3599 138 3644 32
152 3593 306 3647 smmi&
318 3596 461 3667 FDrsa,
483 3601 557 3673 KI,
578 3603 746 3662 lasseretur
760 3623 796 3677 p,
810 3599 975 3658 laxaretur
985 3587 1091 3707 'li-U·

987 3703 1005 3735 ἱ)
