2506 3862
376 211 635 266 EPISTULARUM
653 212 692 265 II
712 217 825 266 re-aa.
1042 211 1105 276 105

95 375 146 439 cui
174 395 261 439 nunc
288 396 371 439 unus
399 397 438 439 ex
466 376 570 440 tribus
597 376 708 440 liberis
738 378 882 459 superest
913 375 1108 458 domumque

94 464 242 547 pluribus
277 463 480 529 adminiculis
511 466 609 549 paulo
642 468 716 528 ante
745 463 914 528 frmdatam
947 464 1109 529 desolatus

93 554 188 618 fulcit
211 573 249 617 ac
272 554 416 618 sustinet.
461 554 581 638 Magno
604 557 712 618 tamen
737 553 880 618 fomento
905 553 997 617 dolor
1019 568 1144 618 meusl

95 641 292 726 adquiescet,
321 643 348 707 si
375 643 462 706 huno
489 644 602 707 saltem
629 643 747 707 fortem
775 646 808 708 et
833 643 1028 707 incolumem
1054 665 1109 726 pa-

68 753 227 815 sremque
254 732 303 796 illi
330 733 429 815 patri,
456 732 506 796 illi
533 754 593 796 avo
622 732 753 796 fortuna
784 732 964 796 servaverit.
1011 729 1109 795 Cuius

96 841 156 906 ego
182 842 241 904 pro
270 823 382 904 salute,
408 842 467 904 pro
495 822 639 886 moribus
666 820 729 884 hoc
757 843 828 886 sum
855 821 958 908 magis
986 821 1109 903 anxius,

96 909 183 993 quod
217 910 331 975 unicus
362 910 467 975 factus
500 913 556 974 est.
603 907 699 974 Nosti
731 911 766 974 in
798 931 906 974 amore
938 910 1144 974 mollitiams

96 999 195 1062 animi
219 1000 291 1082 mei,
314 999 401 1063 nosti
423 1002 542 1083 metus3
570 1021 633 1083 quo
661 999 768 1064 minus
795 1003 828 1064 te
851 999 961 1063 mirari
985 1003 1110 1083 oporte-

96 1088 158 1169 bit,
182 1088 269 1172 quod
291 1089 467 1172 plurimum
490 1089 635 1172 timeam,
659 1088 697 1153 de
722 1109 786 1172 quo
808 1089 984 1172 plurimum
1008 1109 1109 1172 spero.

54 1201 83 1242 io
96 1174 186 1240 Vale.

558 1289 652 1347 XXII.

267 1389 294 1436 c,
318 1389 458 1437 PLINIUS
482 1389 682 1438 SEMPRONIO
709 1389 802 1438 auro
827 1389 892 1438 suo
918 1390 943 1438 S.

163 1477 300 1543 interfui
327 1480 482 1563 principis
511 1480 626 1564 optimi
664 1479 842 1565 cognitioni
873 1480 908 1543 in
940 1482 1144 1546 consiliuml

97 1567 294 1652 adsumptus.
333 1566 506 1653 Gymnicus
525 1590 610 1654 agon
628 1569 714 1652 apud
732 1567 930 1634 Viennenses
949 1592 988 1633 ex
1008 1571 1111 1634 cuius·

56 1680 84 1722 rs
98 1656 172 1721 dam
190 1662 382 1722 testamento
403 1658 631 1722 celebrabatur.
658 1657 755 1722 Hune
768 1656 946 1722 Trebonius
965 1657 1111 1741 Rufinus,

97 1746 147 1809 vir
170 1747 318 1832 egregius
340 1747 498 1830 nobisque
522 1748 656 1829 amicus,
679 1749 714 1810 in
737 1746 942 1810 duumviratu
970 1769 1028 1812 suo
1051 1748 1112 1811 tol-

96 1835 228 1899 lendum
255 1835 513 1919 abolendumque
542 1837 673 1900 curavit.
718 1832 908 1920 Negabatur
937 1858 976 1900 ex
1003 1839 1111 1901 aucto-

96 1924 192 1988 ritate
220 1925 350 2009 publica
376 1925 499 1989 fecisse.
545 1925 625 2010 Egit
653 1926 721 2008 ipse
752 1945 880 1989 causam
910 1947 977 1989 non
1004 1926 1145 1990 minusa

96 2012 234 2077 feliciter
258 2036 353 2096 quam
378 2013 502 2078 diserte.
548 2011 801 2078 Commendabat
823 2015 996 2098 actionem,
1025 2014 1111 2098 quod

57 2127 84 2167 eo
98 2106 263 2185 tamquam
291 2102 389 2167 homo
416 2101 582 2167 Romanus
610 2106 642 2166 et
670 2103 773 2168 bonus
802 2104 881 2168 civis
913 2104 948 2167 in
979 2105 1110 2190 negotio

98 2213 156 2256 suo
184 2196 309 2255 mature
341 2195 373 2256 et
405 2193 546 2277 graviter
576 2192 776 2275 loquebatur.
823 2191 904 2256 Cum
935 2194 1145 2257 sententiaeb

97 2284 357 2367 perrogarentur‚
388 2281 470 2345 dixit
496 2279 607 2345 Iunius
635 2280 810 2364 Mauricus,
838 2303 902 2364 quo
930 2283 999 2346 viro
1029 2282 1111 2345 nihil

97 2370 231 2453 firmius,
258 2370 341 2433 nihil
368 2371 483 2453 verius,
506 2391 572 2434 non
599 2391 668 2434 esse
694 2370 929 2435 restituendum
952 2370 1112 2434 Viennen-

99 2457 187 2522 sibus
202 2480 319 2544 agona3
338 2458 467 2523 adiecit:
491 2458 628 2523 ‘Vellem
643 2459 740 2523 etiarn
754 2458 877 2523 Romae
891 2458 963 2523 tolli
981 2459 1110 2543 posset?

58 2570 84 2611 as
99 2544 302 2630 Constanter‚
333 2548 455 2631 inquis,
489 2553 521 2612 et
552 2548 688 2612 fortiter.
738 2547 878 2625 Quidni?
912 2548 967 2612 sed
998 2547 1061 2612 hoc
1093 2562 1147 2612 aa

98 2635 241 2700 Maurico
269 2659 389 2702 novum
421 2659 487 2701 non
514 2640 571 2702 est.
616 2635 705 2701 Idem
733 2637 818 2721 apud
845 2635 985 2701 Nervam
1013 2638 1112 2720 impe·

97 2728 237 2789 ratorem
263 2748 328 2789 non
351 2727 457 2790 minus
479 2727 615 2790 fortiter.
652 2724 794 2791 Cenabat
816 2725 923 2790 Nerva
944 2747 1016 2790 curn
1035 2749 1112 2810 pau·

98 2815 157 2897 cis3
176 2813 313 2878 Veiento
332 2816 498 2898 proximus
517 2819 614 2898 atque
633 2816 729 2879 etiam
753 2817 787 2879 in
806 2817 878 2880 sinu
896 2816 1111 2880 recumbebat.

98 2902 176 2966 Dixi
205 2905 325 2986 omnia,
353 2925 426 2968 oum
453 2904 617 2968 hominem
642 2904 815 2969 nominavi.
861 2903 979 2968 Incidit
1007 2919 1146 2969 sermon

57 3016 84 3056 so
99 2992 137 3056 dc
166 2990 292 3056 Catullo
320 2993 507 3076 Messalino,
540 2994 595 3076 qui
628 2994 805 3058 luminibus
837 2998 949 3077 eaptus
981 2995 1111 3078 ingenio

99 3102 193 3145 saevo
217 3083 302 3145 mala
326 3082 487 3146 caecitatis
516 3081 689 3146 addiderat.
734 3082 811 3146 Non
837 3083 1019 3166 verebatur,
1046 3105 1112 3146 non

99 3170 314 3253 erubescebat,
333 3192 399 3234 non
417 3171 640 3255 miserebatur3
660 3193 723 3254 quo
744 3172 869 3255 saepius
888 3195 906 3235 a
924 3171 1110 3236 Domitiano

98 3281 164 3322 non
187 3279 277 3324 secus
302 3280 339 3323 ao
361 3260 435 3343 tela,
459 3282 540 3344 quae
564 3264 595 3324 et
618 3261 688 3343 ipsa
710 3281 803 3324 caeca
826 3264 857 3324 et
880 3260 1049 3345 inprovida
1067 3261 1112 3323 fe·

171 3457 204 3505 Io
224 3469 273 3505 suo
289 3453 408 3521 arpa,
426 3452 486 3507 Otto
501 3457 562 3519 300,
576 3470 626 3508 om.
644 3455 681 3508 II
689 3455 782 3519 Vns,
801 3455 838 3508 K.
895 3459 928 3506 26
947 3453 1014 3522 imp.
1029 3451 1110 3506 Nerv.

99 3525 136 3578 K.
151 3540 185 3578 ec
200 3525 239 3578 II
246 3524 303 3578 VD
309 3540 334 3583 ς.
407 3528 440 3577 30
459 3527 559 3593 captus
575 3526 613 3579 M
620 3526 679 3591 Vs,
693 3525 807 3578 orbatus
823 3526 907 3580 RFa
921 3528 965 3592 (at
978 3532 1113 3580 testamur

99 3597 137 3648 K.
152 3602 178 3650 et
193 3596 312 3661 Merrill,
330 3596 411 3650 aliter
429 3595 528 3666 Stoapl
542 3600 620 3666 675),
639 3598 692 3663 II„
715 3595 800 3650 orbus
821 3598 904 3667 Dpr.
