2506 3862
138 220 201 284 128
574 216 602 272 C.
621 217 721 271 PLINI

99 400 115 448 1
134 403 205 447 cere
223 403 290 446 non
308 385 452 466 possunt,
476 381 622 447 convicio
642 384 806 446 scazontes
824 384 1045 464 extorqueant.
1074 379 1148 445 Per-

133 472 254 536 fectum
287 493 368 556 opus
399 470 647 554 absolutumque
679 474 728 536 cst
759 490 819 534 nec
854 470 919 534 iam
956 469 1151 553 splendescit

133 562 227 644 lima,
259 561 315 625 sed
344 561 503 625 atteritur.
539 559 653 625 Patere
676 582 727 624 me
755 559 863 624 videre
891 559 1024 624 titulum
1047 563 1151 642 tuum,

134 655 245 734 patere
263 650 373 715 audire
393 649 539 732 describi,
561 647 637 734 legi,
659 649 768 713 venire
786 649 952 713 volumina
970 647 1154 732 Tranquilli

135 741 208 804 mei.
254 737 404 822 Aequum
428 742 477 803 est
499 759 559 802 nos
587 739 622 801 in
650 759 760 803 amore
782 741 849 802 tam
879 740 993 801 mutuo
1018 736 1152 801 eandem
1181 763 1193 803 s

136 829 300 913 percipere
319 832 409 892 exte
428 828 637 910 voluptatem,
661 848 725 910 qua
743 831 779 891 tu
797 826 969 910 perfrueris
989 849 1029 891 ex
1047 826 1152 891 nobis.

137 917 226 982 Vale.

170 1130 198 1178 c.
222 1128 361 1176 PLINIUS
386 1128 585 1177 cALPURmo
610 1129 748 1177 anenno
772 1128 977 1176 Prosocero
1002 1128 1068 1176 suo
1093 1127 1119 1176 S.

104 1238 117 1285 1
163 1298 165 1302 ι
205 1218 326 1302 Recepi
353 1219 477 1282 litteras
500 1223 589 1302 tuas,
613 1241 652 1282 ex
676 1218 792 1303 quibus
817 1219 955 1304 cognovi
977 1222 1009 1282 te
1033 1219 1154 1302 specio·
1169 1247 1195 1286 ro

138 1309 297 1373 sissimam
325 1308 485 1391 porticum
514 1308 573 1372 sub
601 1311 658 1372 tuo
686 1307 809 1393 filiique
836 1308 886 1372 tui
915 1308 1044 1372 nomine
1069 1307 1155 1372 dadi·

139 1419 236 1480 casse,
259 1398 405 1480 sequenti
425 1397 475 1460 dia
493 1397 528 1460 in
546 1399 712 1480 portarum
732 1400 880 1461 ornatum
894 1398 1063 1481 pecuniam
1082 1418 1155 1481 pro·

139 1486 273 1570 misisse,
295 1489 333 1550 ut
351 1487 480 1550 initium
503 1507 605 1550 novae
627 1484 829 1550 liberalitatis
853 1490 936 1550 esset
955 1507 1155 1550 consumma·

105 1576 186 1641 atio
210 1575 335 1659 prioris.
383 1573 513 1639 Gaudeo
537 1576 677 1657 primum
701 1578 757 1639 tua
780 1574 898 1660 gloria,
922 1577 1015 1640 cuius
1038 1575 1078 1639 ad
1101 1597 1153 1638 me

139 1688 213 1750 pars
237 1666 345 1748 aliqua
367 1686 426 1748 pro
449 1664 684 1729 necessitudine
706 1668 817 1729 nostra
839 1664 1009 1748 redundat,
1040 1664 1153 1728 deinde
1169 1691 1194 1731 11

140 1755 227 1838 quod
254 1755 442 1817 memoriam
472 1754 574 1817 soceri
597 1754 660 1817 mei
684 1753 909 1837 pulcherrimis
934 1753 1085 1838 operibns
1108 1754 1153 1817 vi-

140 1844 200 1908 deo
230 1843 379 1926 proferri,
410 1847 574 1925 postremo
608 1843 696 1928 quod
726 1842 832 1927 patria
862 1847 972 1907 nostra
1004 1843 1155 1924 florescit,

141 1954 238 2016 quam
261 1931 342 1996 mihi
365 1955 383 1995 a
406 1952 607 2014 quocumque
632 1932 735 1996 excoli
762 1931 951 2015 iucundum,
982 1955 1000 1995 a
1023 1936 1055 1996 te
1078 1953 1154 1995 vero

107 2021 352 2098 electissimum
376 2024 432 2084 est.
479 2018 571 2095 Quod
594 2024 751 2105 superest,
779 2021 854 2086 deos
878 2043 1005 2105 precor,
1029 2024 1066 2085 ut
1089 2021 1154 2084 ani·

141 2123 231 2174 mum
254 2110 352 2174 istum
375 2109 445 2192 tibi,
467 2110 575 2174 animo
595 2110 649 2173 isti
667 2115 794 2195 tempus
814 2132 910 2195 quam
928 2110 1153 2196 longissimum
1168 2135 1196 2175 ao

142 2197 294 2263 tribuant.
340 2196 424 2262 Nam
447 2198 560 2281 liquet·
573 2197 653 2262 mihi
675 2199 821 2263 futurum
845 2203 882 2263 ut
905 2203 1044 2283 peracto,
1068 2198 1155 2282 quod

142 2289 288 2372 proxime
310 2286 498 2370 promisisti,
519 2285 650 2352 inchoes
673 2288 769 2352 aliud.
814 2286 927 2352 Nescit
949 2290 1034 2352 enim
1057 2287 1157 2351 semel

143 2379 275 2442 incitata
289 2376 464 2440 liberalitas
484 2380 576 2459 stare,
596 2377 687 2441 cuius
705 2375 978 2461 pulchritudinem
991 2399 1068 2441 usus
1088 2377 1156 2460 ipse

144 2464 356 2531 commendat.
401 2464 491 2529 Vale.

548 2612 613 2671 xri.
640 2610 750 2689 [11111]
1171 2632 1196 2672 2⁵

305 2713 333 2761 Ο.
356 2713 495 2761 PLINIUS
520 2714 697 2762 TERENTIO
722 2714 856 2762 SCAURO
881 2713 945 2761 SUO
970 2713 996 2761 S.

111 2823 125 2870 1
212 2803 416 2869 Recitaturus
440 2804 683 2887 oratiunculam,
716 2826 813 2887 quam
842 2803 1007 2887 publicare
1039 2804 1157 2888 cogito,

146 2892 299 2957 advocavi
313 2894 447 2976 aliquos,
469 2897 507 2957 ut
524 2915 658 2976 vererer,
676 2915 805 2976 paucos,
823 2897 861 2958 ut
878 2915 991 2958 verum
1005 2893 1165 2957 audirem:

146 2980 231 3046 Nam
254 2981 334 3045 mihi
358 2982 476 3066 duplex
498 2982 582 3046 ratio
600 2983 764 3065 recitandi,
786 3005 859 3065 una,
882 2986 920 3047 ut
942 2982 1158 3047 sollicitudine
1190 3030 1192 3035 «

147 3071 311 3153 intendar,
342 3072 455 3154 altera,
487 3075 524 3144 ut
551 3071 731 3154 admonear,
764 3071 791 3136 si
819 3071 896 3154 quid
926 3071 1010 3136 forte
1040 3094 1091 3135 me
1120 3075 1159 3135 ut
1172 3096 1199 3135 ao

113 3177 255 3226 ameum
278 3159 370 3224 fallit.
416 3159 504 3243 Tuli,
528 3160 614 3243 quod
636 3160 800 3244 petebam,
832 3160 956 3243 inveni,
989 3160 1045 3243 qui
1077 3159 1158 3225 mihi

149 3250 274 3333 copiam
298 3250 424 3313 consilii
447 3250 497 3314 sui
518 3249 668 3314 facerent.
719 3248 791 3334 Ipse
815 3254 979 3333 praeterea
1002 3249 1159 3333 quaedam

149 3337 346 3403 emendanda
378 3338 537 3403 adnotavi.
583 3337 761 3404 Emendavi
792 3339 925 3422 librum,
958 3361 1053 3422 quem
1086 3339 1160 3403 misi

95 3603 130 3650 p
150 3533 366 3648 Myeqm
386 3532 463 3600 KI,
484 3508 608 3604 aequdm
630 3534 673 3591 M.
764 3537 801 3587 ⁴28
823 3547 963 3587 revererer
990 3533 1037 3597 M,
1056 3531 1117 3584 KJ
1130 3538 1162 3586 ut
