2506 3862
150 194 215 259 288
465 193 494 249 C.
513 193 611 248 PI'rINI
629 194 676 248 ET
695 195 847 251 TRAIANI

476 363 668 425 axxxma.
693 359 831 445 [num]

345 463 374 511 Ο.
397 464 538 514 PLINIUS
563 465 715 513 TRAIANO
739 467 964 515 IMPERATORI.

273 576 369 638 quam
386 576 430 638 ea,
446 576 527 639 quae
542 559 658 639 speret,
671 556 867 619 instructum
885 555 1075 620 commilitio
1095 559 1166 641 tuo,

147 644 237 707 cuius
267 644 452 727 disciplinae
480 645 588 728 debet,
617 645 703 727 quod
730 644 931 729 indulgentia
958 649 1014 709 tua
1044 645 1164 729 dignus

112 747 127 794 a
147 736 207 797 est
251 730 348 815 Apud
370 755 421 796 me
444 736 476 796 et
499 734 619 797 milites
647 738 678 797 et
700 734 832 818 pagani,
855 757 874 798 a
897 734 1013 818 quibus
1035 733 1165 798 iustitia
1195 758 1207 799 r

147 824 215 887 eius
245 825 277 885 et
307 822 489 886 humanitas
521 823 649 906 penitus
681 823 826 907 inspecta
858 826 920 906 est,
953 823 1101 887 certatim
1134 824 1166 887 ei

148 933 211 994 qua
243 911 396 994 privatim
429 933 492 994 qua
523 912 651 994 publice
688 913 874 977 testimonia
910 912 1163 995 pertribuenmt.

147 999 240 1153 guyoti
272 1001 306 1062 in
337 1000 486 1063 notitiam
518 1004 608 1064 tuam
639 1001 765 1085 perfero
799 1023 835 1065 ea
864 1002 939 1086 fide,
972 1023 1067 1084 quam
1100 1002 1165 1066 tibi

170 1109 256 1153 eeo.

500 1200 674 1262 uxxxvu.
699 1196 806 1281 [xm]
1177 1224 1204 1264 ω

346 1300 373 1348 c.
398 1301 537 1350 PLINIUS
562 1302 714 1351 rnarauo
738 1303 962 1350 Inrnnaroru.

113 1408 127 1455 1
213 1389 448 1474 Nymphidium
471 1391 612 1476 Lupum,
645 1393 785 1476 domine,
817 1393 1049 1477 primipilarem
1077 1412 1163 1456 oom-

146 1479 327 1543 militonem
349 1479 462 1566 habui,
491 1502 564 1545 oum
587 1482 656 1564 ipse
686 1481 836 1544 tribunus
860 1503 971 1566 essem,
994 1483 1049 1546 ille
1072 1503 1163 1564 prae-

145 1568 258 1632 fectus.
299 1567 377 1633 Inde
398 1570 601 1634 familiariter
624 1571 756 1655 diligere
779 1571 879 1653 coepi.
921 1568 1029 1635 Crevit
1047 1574 1163 1654 postea

111 1660 261 1724 acaritas
293 1659 366 1741 ipsa
396 1663 527 1723 mutuae
559 1663 719 1724 vetustate
752 1660 919 1724 amicitiae.
978 1658 1091 1743 Itaque
1129 1664 1162 1724 et
1177 1685 1204 1725 15

148 1749 249 1830 quieti
272 1748 340 1811 eius
364 1749 458 1811 inieci
480 1769 610 1811 manum
635 1751 666 1812 et
689 1749 793 1834 exegi,
816 1752 853 1812 ut
876 1771 927 1812 me
950 1750 984 1813 in
1006 1747 1161 1832 Bithynia

148 1837 282 1900 consilio
316 1837 497 1900 instrueret.
544 1835 637 1913 Quod
668 1837 722 1901 ille
755 1838 945 1902 amicissime
977 1840 1010 1902 et
1038 1839 1096 1901 otii
1129 1841 1161 1900 et

147 1926 321 1990 senectutis
349 1926 473 1989 ratione
501 1927 683 2010 postposita
709 1930 742 1990 et
765 1928 829 1990 iam
856 1927 933 1991 fecit
961 1930 993 1990 et
1015 1926 1161 1990 facturus

112 2018 203 2078 aest.
250 2012 373 2090 Quibus
401 2036 440 2078 ex
468 2016 572 2078 causis
599 2016 848 2080 necessitudines
872 2016 939 2080 eius
966 2015 1051 2079 inter
1073 2037 1161 2080 meas

146 2124 289 2186 numero,
307 2103 411 2166 filium
425 2104 460 2166 in
473 2103 596 2188 primis,
609 2103 845 2187 Nymphidium
858 2103 995 2189 Lupum,
1014 2105 1161 2169 iuvenem
1175 2131 1202 2170 ro

146 2191 299 2275 probum,
335 2191 530 2255 industrium
567 2197 599 2257 ct
633 2193 761 2278 egregio
798 2197 890 2276 patre
927 2192 1161 2279 dignissimum,

141 2280 358 2345 'suffecturum
386 2282 604 2366 indulgentiae
633 2286 722 2365 tuae,
755 2282 839 2346 sicut
865 2282 979 2366 primis
1009 2283 1077 2347 eius
1108 2304 1161 2346 ex·

146 2371 332 2452 perimentis
355 2390 547 2455 cognoscere
574 2374 681 2456 potes,
708 2391 780 2434 cum
808 2372 988 2455 praefectus
1017 2371 1160 2436 cohortis

147 2459 370 2541 plenissimum
388 2461 610 2524 testimonium
627 2461 780 2524 meruerit
793 2458 857 2525 Iuli
870 2459 998 2525 Ferocis
1018 2464 1049 2524 et
1063 2458 1160 2525 Fusci

147 2546 350 2631 Salinatoris,
381 2549 631 2612 clarissimorum
662 2549 815 2613 virorum.
865 2549 973 2613 Meum
1006 2549 1160 2633 gaudium
1174 2575 1201 2616 ae

146 2659 313 2720 meamque
335 2639 586 2721 gratulationem
609 2638 669 2701 filii
691 2637 812 2702 honore
835 2639 858 2718 †
882 2639 1090 2703 continerent.

452 2801 642 2861 amun.
666 2797 853 2882 [amrin]

345 2903 373 2950 Ο.
396 2903 535 2952 PLINIUS
560 2902 713 2951 TRAIANO
737 2903 961 2951 IMPERATOBI.

213 2990 313 3076 Opto,
341 2992 482 3077 domine,
510 2997 543 3058 et
564 2993 651 3056 hunc
673 2994 813 3056 natalem
841 2997 874 3058 et
896 2994 1053 3077 plurimos
1077 2994 1159 3058 alios

148 3104 244 3166 quam
267 3081 471 3147 felicissimos
491 3102 567 3165 agas
587 3085 778 3166 aeterneque
796 3082 890 3146 laude
908 3083 1078 3148 florentem
1096 3083 1159 3146 vir-
1173 3110 1201 3150 eo

145 3171 226 3236 tutis
242 3174 316 3234 tuae
331 3171 467 3254 gloriam
482 3169 606 3255 [quam]
621 3171 791 3235 incolumis
811 3175 842 3235 et
856 3171 953 3235 fortis
972 3172 1043 3235 aliis
1063 3193 1159 3254 super

146 3261 208 3325 alia
232 3260 382 3344 operibus
406 3281 532 3345 augeas.

209 3458 248 3505 26
265 3452 416 3508 continebo
435 3452 487 3521 K,
503 3451 660 3509 continebis
682 3453 790 3518 Oetam,
807 3453 927 3536 honoros
946 3451 1160 3523 complebunt?
