2506 3862
148 207 213 273 208
583 206 610 262 0·
630 207 728 260 PHNI

148 372 201 437 oui
224 393 350 456 semper
371 372 435 435 fuit
458 392 551 435 curae
574 371 621 436 sic
647 372 718 435 iura
740 371 870 455 publica
891 375 929 435 ut
952 371 1091 454 privata,
1115 372 1166 436 sic

96 480 129 529 11
148 462 281 544 antiqua
296 464 334 524 ut
352 461 501 544 recentia,
515 461 562 525 sic
579 481 651 524 rara
668 463 706 523 ut
724 461 852 525 assidua
870 463 1014 525 tractare.
1050 458 1165 544 Atque

148 572 208 636 ego
241 550 380 614 arbitror
411 550 476 614 illis
508 549 615 633 etiam,
652 549 768 632 quibus
804 549 1016 633 plurimarum
1051 572 1164 614 rerum

148 639 282 724 agitatio
305 639 455 722 frequens
477 637 560 703 nihil
583 659 651 703 esse
674 639 822 724 ignotum
844 638 1035 723 patiebatur,
1059 659 1165 724 genus

149 729 355 812 quaestionis,
382 727 469 812 quod
496 727 604 792 adfero
632 728 673 791 ad
700 731 741 810 te,
768 731 825 792 aut
853 728 1020 792 nonsatis
1045 728 1164 792 tritum
1191 754 1203 795 s

148 817 324 881 autetiam
348 817 550 900 inexpertum
574 815 682 882 fuisse.
727 815 800 881 Hoc
827 820 860 881 et
886 837 947 902 ego
970 817 1165 900 excusatior,

149 907 177 971 si
203 907 287 979 forte
315 926 386 970 sum
412 907 531 989 lapsus,
559 909 591 970 et
618 909 655 970 tu
682 905 809 991 dignior
830 906 934 989 laude,
961 906 990 970 si
1011 909 1105 989 potes
1129 906 1165 969 id

149 1017 277 1079 quoque
301 995 423 1078 doecre,
446 995 532 1077 quod
555 995 589 1058 in
612 996 748 1060 obscuro
772 998 885 1060 eatan
907 995 1064 1059 didiceris.

96 1102 128 1151 12
215 1083 426 1148 Referebatur
453 1085 491 1148 dc
518 1084 643 1149 libertis
665 1083 780 1148 Afrani
802 1083 918 1149 Dextri
945 1084 1086 1148 consulis
1114 1083 1164 1148 in-

148 1176 272 1239 certum
295 1193 353 1237 sua
375 1195 417 1237 an
440 1194 571 1238 suorum
594 1196 700 1257 manu,
719 1174 837 1238 scelere
857 1196 899 1238 an
917 1173 1072 1257 obsequio
1091 1194 1164 1257 per·
1179 1201 1204 1242 ro

149 1262 257 1345 empti
312 1260 381 1326 Hos
412 1263 494 1327 alius
527 1260 675 1348 (‘Quis?'
707 1263 822 1345 inquis.
877 1261 963 1349 Eg03
993 1261 1049 1327 sed
1077 1261 1165 1327 nihil

148 1346 259 1434 refert)
283 1355 357 1434 post
381 1351 601 1435 quaestionem
624 1352 782 1436 supplicio
805 1352 998 1434 liberandos,
1021 1352 1104 1416 alius
1127 1352 1165 1415 in

149 1439 287 1503 insulam
305 1441 503 1526 relegandos,
516 1441 598 1504 alius
617 1445 720 1504 morte
738 1441 918 1524 puniendos
936 1440 1163 1505 arbitrabatur.

150 1525 292 1604 Quarum
323 1531 554 1594 sententiarum
586 1533 677 1594 tanta
707 1530 873 1594 diversitas
910 1534 987 1613 erat,
1021 1533 1059 1594 ut
1095 1551 1165 1594 non

96 1633 130 1684 13
148 1621 280 1701 possent
303 1639 371 1684 esse
388 1620 452 1683 nisi
470 1620 624 1704 singulae.
660 1616 744 1695 Quid
766 1619 852 1683 enim
871 1640 1040 1684 commune
1063 1617 1204 1688 habeta

149 1707 292 1772 occidere
316 1712 349 1772 et
370 1709 533 1795 relegare?
569 1705 645 1772 Non
669 1708 798 1773 hercule
828 1709 931 1795 magis
959 1730 1055 1792 quarn
1083 1709 1164 1772 rele-

150 1818 225 1882 gare
252 1801 285 1861 et
312 1798 491 1880 absolverc3
523 1818 718 1880 quamquam
750 1798 883 1881 propior
913 1797 1079 1879 aliquanto
1113 1801 1164 1861 est

150 1886 327 1950 sentcntiae
349 1887 531 1972 relegentis,
554 1908 636 1968 quae
658 1886 808 1970 absolvit,
827 1908 924 1970 quam
944 1907 1025 1968 quae
1044 1886 1164 1950 occidit

150 1973 300 2060 (utraque
327 1976 412 2039 enim
440 1998 480 2040 ex
507 1975 572 2039 illis
599 1976 699 2040 vitam
726 1975 889 2059 relinquit,
915 1973 995 2039 haec
1023 1971 1163 2060 adimit),

150 2082 224 2126 cum
243 2063 381 2146 interim,
395 2067 427 2128 et
446 2064 502 2147 qui
520 2067 623 2128 morte
642 2064 827 2148 puniebant,
842 2068 874 2128 et
893 2063 949 2147 qui
965 2064 1162 2149 relegabant,
1177 2091 1204 2131 so

149 2172 214 2214 una
245 2151 398 2217 sedebant
429 2157 462 2217 et
498 2154 691 2237 temporaria
732 2153 936 2218 simulatione
973 2152 1163 2218 concordiae

97 2257 131 2305 14
150 2239 341 2305 discordiam
360 2241 557 2306 differebant.
593 2241 665 2328 Ego
683 2241 897 2327 postulabam,
915 2245 952 2306 ut
970 2242 1074 2306 tribus
1093 2263 1163 2306 sen-

150 2329 260 2395 tentiis
279 2334 441 2396 constaret
459 2352 535 2396 suus
553 2354 714 2415 numerus,
728 2352 787 2396 neo
806 2353 839 2396 se
858 2331 1009 2395 brevibus
1028 2331 1162 2395 indutiis

151 2419 231 2483 duae
254 2420 431 2505 iungerent.
468 2419 648 2506 Exigebam
674 2442 760 2506 ergo,
782 2424 828 2504 ut,
856 2421 912 2504 qui
935 2420 1066 2504 capitali
1088 2441 1163 2504 sup-

150 2508 248 2591 plicio
281 2509 475 2574 adficiendos
505 2510 678 2593 putabant,
710 2511 908 2574 discederent
938 2531 957 2572 a
989 2510 1162 2594 relegante,
1176 2515 1229 2576 π’

150 2619 209 2662 nee
232 2599 361 2663 interim
384 2602 497 2664 contra
519 2598 715 2663 absolventis
733 2620 810 2663 mox
833 2599 1008 2663 dissensuri
1031 2619 1162 2684 congre-

151 2692 311 2770 garentur,
335 2688 410 2771 quia
436 2689 606 2772 parvulum
629 2687 771 2771 referret,
797 2710 840 2752 an
862 2688 947 2751 idem
971 2687 1163 2771 displiceret,

99 2790 132 2838 15
152 2774 269 2857 quibus
300 2798 367 2840 non
398 2777 483 2842 idem
514 2777 695 2861 placuisset.
740 2775 826 2841 Illud
856 2777 953 2840 etiam
980 2776 1061 2840 mihi
1092 2798 1163 2860 per·

151 2863 269 2927 mirum
291 2866 468 2951 videbatur,
490 2888 563 2930 eum
582 2865 721 2949 quidem,
740 2867 796 2949 qui
812 2866 946 2930 hbcrtos
965 2864 1163 2951 relegandos,

152 2972 260 3015 servos
288 2955 445 3038 supplicio
477 2954 671 3019 adliciendos
704 2955 888 3038 censuisset,
915 2958 1062 3020 coactum
1094 2976 1163 3019 esse
1177 2980 1204 3021 ao

152 3040 292 3104 dividere
319 3043 519 3126 sententiam,
546 3044 633 3109 huno
660 3048 778 3127 autem,
805 3045 862 3127 qui
892 3043 1026 3108 libertos
1057 3047 1163 3108 morte

151 3129 312 3212 multaret,
331 3151 403 3196 cum
422 3134 583 3218 relegante
601 3134 771 3197 numerari.
807 3131 902 3215 Nam,
921 3133 949 3195 si
967 3133 1164 3216 oportuisset

152 3218 251 3282 dividi
270 3221 461 3285 sententiam
479 3223 585 3305 unius,
603 3221 748 3305 quiores
766 3222 844 3286 duas
863 3222 1164 3305 comprehendebat,

151 3328 217 3372 non
234 3308 440 3392 reperiebam,
454 3333 549 3394 quem
564 3310 605 3374 ad
620 3312 753 3375 modum
771 3314 881 3395 posset
895 3311 985 3396 iungi
1005 3310 1163 3376 sententia

152 3395 290 3462 duorum
313 3401 380 3461 tam
404 3398 528 3463 diversa
550 3400 758 3464 censentium.
1177 3423 1204 3465 aa

193 3592 406 3659 ammarum
426 3597 476 3666 M,
494 3597 578 3668 Μ·
597 3595 640 3655 aa
654 3614 685 3670 p.
700 3598 764 3653 rar.
776 3598 821 3650 rr.
