2506 3862
405 213 664 269 EPISTULARUM
680 213 720 267 IX
739 219 833 268 7-12.
1061 215 1126 279 227

604 383 639 441 Χ.

383 484 410 531 c.
434 483 573 531 numus
598 483 725 530 uncino
750 482 815 530 suo
840 482 866 530 s

182 573 284 659 Cupio
314 575 492 659 praeceptis
522 573 587 638 tuis
617 595 741 658 parcre,
773 573 828 637 sed
858 595 1008 656 aprorum
1038 578 1162 642 tantal

114 665 248 748 penuria
271 668 332 748 est,
363 668 400 727 ut
422 661 586 727 Minervae
609 667 641 726 et
663 661 801 746 Dianae,
833 683 911 746 quas
940 663 986 727 ais
1009 664 1142 747 pariter*

89 753 274 837 scolendas,
298 753 467 818 convenire
489 774 556 816 non
578 752 689 835 possit.
734 749 848 834 Itaque
870 750 1032 816 Minervae
1060 755 1163 820 tan-a

114 847 185 907 tum
208 842 410 907 serviendum
434 846 496 924 est,
525 841 660 905 delicate
682 845 792 905 tamon
822 845 859 904 ut
888 841 923 903 in
946 862 1071 905 secessu
1096 844 1129 905 et

116 935 244 996 aestate.
280 930 320 995 In
341 931 395 995 via
417 932 512 1014 plane
535 951 601 994 non
623 931 713 993 nulla
734 930 857 994 leviora
880 930 1053 1014 statimque
1077 929 1129 993 de·

114 1020 209 1084 lenda
232 1042 269 1084 ea
292 1020 492 1105 gamrlitatc,
520 1041 584 1102 qua
607 1041 769 1084 sermones
792 1020 827 1083 in
849 1018 997 1083 vehiculo
1021 1041 1128 1083 serun-

115 1114 177 1193 tur,
200 1109 336 1173 extcndi.
383 1107 443 1173 His
467 1108 624 1193 quaedam
647 1108 754 1172 addidi
777 1108 812 1172 in
834 1108 921 1191 villa,
945 1129 1017 1172 cum
1041 1107 1129 1172 aliud

76 1226 102 1265 ro
115 1219 181 1261 non
202 1199 324 1263 liberet.
370 1196 483 1281 Itaque
505 1200 654 1281 pobmata
677 1198 859 1281 quiescunt,
882 1219 963 1281 quae
986 1200 1023 1261 tu
1045 1199 1130 1261 inter

115 1309 246 1351 nemora
269 1291 301 1351 et
323 1288 414 1351 lucos
438 1286 696 1351 commodissime
723 1286 831 1370 perfici
861 1289 966 1370 putas,
989 1287 1164 1353 oratiuna

116 1377 220 1440 culam
243 1398 357 1459 unam,
380 1377 513 1440 alteram
536 1375 720 1458 retractavi,
753 1396 948 1458 quamquam
971 1375 1004 1438 id
1027 1398 1128 1462 genus

116 1467 221 1548 operis
244 1465 425 1548 inamabile,
448 1466 654 1529 inamoenum
677 1465 845 1550 magisque
862 1464 1027 1530 laboribus
1046 1465 1129 1529 ruris

116 1576 213 1637 quam
236 1554 457 1637 voluptatibus
481 1554 593 1618 simile.
639 1552 728 1617 Vale.

76 1741 101 1781 15
598 1718 650 1777 XI.

380 1820 407 1867 C.
431 1819 570 1867 PLINIUS
595 1818 729 1866 GEMINO
755 1819 820 1867 SUO
845 1818 870 1866 S.

182 1908 364 1993 Epistulam
387 1914 477 1973 tuam
501 1909 763 1974 iucundissimam
786 1908 892 1992 recepi
920 1930 957 1972 eo
981 1909 1163 1993 maximat

117 1999 204 2082 quod
226 1998 347 2081 aliquid
374 1999 414 2062 ad
441 2002 474 2063 te
498 1998 595 2063 scribi
621 1998 767 2081 volebas,
799 1997 885 2081 quod
912 1998 1003 2062 libris
1031 1999 1129 2062 inseri
1197 2029 1200 2033 «

116 2092 233 2170 posset.
262 2086 419 2153 Obveniet
438 2088 572 2152 materia
589 2088 641 2152 vel
658 2086 739 2151 haec
756 2088 835 2171 ipsa,
850 2109 946 2171 quam
960 2091 1129 2170 monstras,

76 2205 102 2243 ao
116 2179 169 2240 vel
186 2177 296 2261 potior
313 2178 383 2241 alia.
412 2175 495 2241 Sunt
514 2177 599 2241 enim
618 2177 652 2240 in
665 2175 726 2240 hac
742 2176 932 2240 offendicula
945 2198 1012 2240 non
1024 2177 1129 2260 nulla3

117 2266 287 2330 circumfer
314 2267 437 2350 oculos,
469 2271 501 2330 et
530 2269 704 2330 occurrent.
749 2265 948 2349 Bibliopolas
978 2264 1163 2350 Lugdunia

117 2377 274 2419 essenon
302 2355 455 2438 putabam
486 2376 523 2419 ac
545 2359 636 2419 tanto
666 2355 819 2419 libentius
849 2376 888 2418 ex
916 2354 1033 2418 litteris
1063 2354 1128 2418 tuis

118 2445 254 2529 cognovi
276 2444 434 2508 venditari
450 2445 578 2509 libellos
593 2466 691 2527 meos,
715 2442 831 2527 quibus
849 2464 981 2528 peregre
1000 2465 1128 2506 manere

118 2533 267 2616 gratiam,
297 2554 394 2614 quam
417 2534 451 2597 in
474 2534 552 2597 urbe
576 2534 777 2620 collegerint,
810 2533 958 2596 delector.
1003 2530 1128 2615 Incipio

78 2648 103 2687 aa
119 2621 204 2684 enim
228 2622 305 2685 satis
329 2622 513 2686 absolutum
537 2623 735 2706 existimare,
763 2621 802 2684 de
826 2642 889 2704 quo
912 2624 1003 2685 tanta
1027 2621 1144 2684 diver-¹

118 2711 212 2773 sitate
234 2711 402 2795 regionum
427 2711 563 2775 discreta
584 2711 752 2775 hominum
776 2710 895 2774 iudicia
917 2706 1129 2774 consentiunt.

118 2798 206 2862 Vale.

591 2928 657 2986 XII.

381 3028 409 3075 c.
432 3028 571 3076 ramus
596 3028 821 3076 1uu10a1suo
846 3027 871 3075 s

78 3148 103 3186 so
185 3117 370 3204 Castigabat
393 3118 523 3202 quidam
546 3119 649 3182 filium
678 3140 785 3200 suum,
812 3117 899 3201 quod
925 3118 1021 3201 paulo
1046 3110 1163 3184 sum-1

116 3209 264 3293 ptuosius
289 3231 388 3291 equos
411 3211 444 3272 et
467 3229 560 3272 canes
584 3211 710 3271 emeret.
753 3204 839 3270 Huic
863 3228 923 3292 ego
946 3207 1060 3271 iuvene
1085 3207 1129 3270 di-

118 3319 241 3382 gresso:
261 3297 362 3376 ‘Heus
381 3302 427 3380 tu,
444 3318 661 3380 numquamne
679 3295 794 3379 fecisti,
812 3295 899 3379 quod
917 3318 936 3359 a
952 3299 1043 3380 patre
1062 3317 1129 3360 cor-

189 3532 221 3579 13
241 3529 270 3580 et
283 3522 367 3581 inam.
383 3527 512 3585 atinam.
528 3535 580 3586 aut
593 3528 657 3586 aaa.
672 3529 784 3599 Dprq.
857 3528 895 3576 x't
913 3518 1175 3584 nasammonas

109 3611 164 3648 aee·
182 3598 226 3662 M,
240 3597 279 3653 K.
309 3599 338 3655 V.
361 3599 459 3677 abac
480 3604 520 3662 aa
534 3605 685 3676 V11(12)
699 3607 730 3671 1,
747 3600 903 3659 ixian,
919 3581 1121 3722 sandja-1·
1171 3594 1174 3598 ’
