2506 3862
386 221 644 277 EPISTULARUM
661 221 726 277 VIII
746 227 857 277 12-14.
1064 222 1128 287 207

116 386 248 450 auribus
275 385 383 468 modo,
409 407 521 450 verum
549 385 646 450 etiam
679 386 780 450 oculis
814 385 1016 469 disceremus,
1048 409 1129 471 quae

115 475 262 540 facienda
284 496 362 539 mox
384 474 448 558 ipsi
470 495 507 539 ac
529 496 587 558 per
609 474 695 540 vices
718 473 873 558 quasdam
896 473 1049 539 tradenda
1071 477 1129 539 mi-

116 563 249 629 noribus
272 562 471 628 haberemus.
507 560 587 628 Inde
609 562 841 628 adulescentuli
859 564 969 628 statim
992 567 1130 628 castren-
1165 579 1182 629 a

117 653 206 718 sibus
238 652 407 737 stipendiis
442 652 683 735 imbuebantur,
714 655 751 717 ut
786 653 944 736 imperare
979 652 1129 738 parendo,

82 767 103 806 s
118 742 214 806 duces
237 763 341 827 agere,
364 741 441 806 dum
460 745 619 824 secuntur,
642 741 874 826 adsuescerent,
897 741 971 805 inde
991 741 1129 806 honores

116 831 250 915 petituri
277 830 475 895 adsistebant
461 830 608 895 tcuriae
635 830 824 895 foribust
792 835 824 895 et
851 830 978 895 consilii
1007 829 1130 914 publici

117 923 312 1004 spectatores
339 923 413 984 ante
441 941 538 1003 quam
567 922 730 984 consortes
753 923 851 984 erant
829 918 986 984 tSuus
1014 919 1129 1003 cuique
1166 936 1183 985 c

116 1031 232 1093 parens
254 1029 314 1110 pro
337 1010 492 1095 magistro
520 1012 585 1091 aut,
613 1009 665 1072 cui
690 1030 805 1092 parens
832 1031 899 1073 non
926 1012 1002 1092 erat,
1030 1009 1130 1072 maxi·

116 1119 189 1162 mus
213 1099 348 1181 quisque
371 1101 404 1162 ιι
426 1057 664 1162 vetustissimus
691 1118 750 1181 pro
777 1101 917 1182 parente.
963 1059 1051 1173 Qbae
1073 1119 1129 1199 pp-

77 1212 104 1251 10
118 1191 217 1252 testas
248 1187 473 1270 referentibus,
511 1187 597 1270 quod
627 1190 757 1251 censent
743 1186 875 1252 tibus
866 1208 935 1272 rus,
963 1208 1044 1271 quae
1080 1186 1129 1251 vis

116 1276 368 1361 magistratibus,
391 1298 472 1359 quae
496 1276 609 1341 ceteris
631 1276 772 1359 libertas,
790 1276 847 1340 ubi
869 1276 1054 1360 cedendum,
1072 1275 1129 1339 ubi

115 1365 339 1448 resistendum,
361 1363 448 1447 quod
471 1363 586 1430 silendi
608 1368 744 1449 tempus,
768 1365 840 1448 quis
859 1365 982 1430 dicendi
1005 1364 1129 1448 modus,

117 1477 198 1538 quae
228 1454 392 1519 distmctio
419 1454 633 1540 pugnantium
663 1455 903 1538 sententiarum,
933 1476 1013 1538 quae
1041 1476 1129 1519 exse

117 1545 204 1608 cutio
240 1543 402 1627 prioribus
439 1542 561 1626 aliquid
595 1542 794 1627 addentium,
827 1565 955 1607 omnem
992 1543 1128 1626 denique

76 1657 102 1697 ιι
117 1632 313 1697 senatorium
331 1653 464 1716 morem,
478 1630 565 1715 quod
582 1631 774 1696 fidissimum
788 1630 1004 1715 praecipiendi
1018 1652 1128 1716 genus,

116 1720 271 1804 exemplis
295 1720 498 1786 docebantur.
544 1718 590 1784 At
611 1741 671 1785 nos
694 1721 824 1785 iuvenes
849 1721 970 1785 fuimus
999 1721 1128 1804 quidem
1165 1737 1181 1786 7

116 1811 151 1873 in
174 1810 296 1888 castris,
323 1809 379 1874 sed
401 1830 474 1873 cum
498 1813 645 1893 suspecta
671 1811 784 1892 virtus,
811 1810 926 1874 inertia
953 1810 987 1873 in
1014 1809 1128 1893 pretio,

117 1919 190 1962 cum
206 1897 340 1963 ducibus
355 1898 528 1962 auctoritas
541 1898 639 1981 nulla,
652 1899 742 1962 nulla
756 1899 914 1963 militibus
929 1899 1128 1981 verecundia,

116 2008 276 2069 nusquam
294 1987 474 2070 imperium,
492 2008 650 2070 nusquam
669 1987 869 2072 obsequium,
888 1988 995 2052 omnia
1014 1989 1128 2072 soluta,

76 2101 103 2140 ιο
117 2074 247 2140 ιιιιιιιι
279 2080 375 2159 atque
407 2076 505 2139 etiam
536 2076 571 2138 in
603 2077 799 2141 contrarium
832 2099 932 2161 versa,
963 2081 1126 2161 postremo

117 2165 335 2230 obliviscenda
357 2163 460 2250 magis
485 2187 581 2248 quam
604 2165 748 2230 tenenda.
784 2165 886 2231 Iidem
904 2166 1126 2251 prospeximus
1163 2181 1180 2230 8

117 2255 247 2337 curiam,
271 2254 327 2318 sed
349 2254 471 2319 curiam
494 2254 652 2338 trepidam
675 2258 707 2319 et
726 2256 896 2341 elinguem,
918 2277 990 2320 oum
1014 2254 1127 2337 dicere,

117 2343 204 2428 quod
226 2344 335 2428 velles,
357 2343 583 2428 periculosum,
608 2344 695 2427 quod
722 2345 834 2428 nolles,
859 2345 1012 2409 miserum
1036 2348 1126 2408 esset.

116 2431 200 2509 Quid
226 2437 304 2498 tunc
332 2432 411 2498 disci
437 2433 553 2517 potuit,
581 2432 660 2517 quid
687 2433 834 2499 didicisse
862 2435 952 2517 iuvit,
980 2454 1052 2497 cum
1081 2453 1127 2496 se·

75 2546 102 2588 ac
116 2526 211 2587 natus
239 2527 295 2588 aut
322 2523 363 2587 ad
391 2523 493 2587 otium
521 2543 683 2586 summum
711 2526 767 2587 aut
789 2522 830 2586 ad
853 2544 1014 2587 summum
1036 2521 1126 2586 nefas

116 2615 283 2676 vocaretur
319 2616 352 2677 et
387 2611 484 2676 modo
520 2610 675 2694 ludibrio,
710 2611 807 2675 modo
844 2611 948 2675 dolori
983 2614 1126 2674 retentus

116 2722 292 2783 numquam
321 2701 411 2783 seria,
438 2701 543 2764 tristia
571 2721 664 2784 saepe
690 2700 853 2765 censeret?
897 2699 1019 2764 Eadem
1042 2700 1126 2763 mula
1162 2715 1179 2763 9

115 2790 180 2853 iam
204 2793 375 2873 senatores,
397 2790 461 2853 iam
484 2788 655 2873 participes
678 2789 836 2853 malorum
859 2791 979 2853 multos
997 2811 1055 2873 per
1072 2811 1126 2854 au·

115 2900 175 2943 nos
211 2877 350 2942 vidimus
386 2878 597 2961 tulimusque,
633 2877 750 2961 quibus
786 2878 915 2963 ingenia
950 2881 1060 2943 nostra
1091 2879 1126 2941 in

75 2993 103 3033 ao
115 2971 280 3051 posterum
299 2987 426 3050 quoque
446 2966 606 3050 hebetata,
622 2966 732 3049 fracte,
752 2971 886 3032 contusa
904 2971 986 3032 sunt.
1022 2967 1125 3032 Breve
1146 2981 1181 3030 10

116 3059 244 3140 tempus
267 3053 357 3142 (nam
380 3058 471 3120 tauto
494 3055 622 3120 brevius
646 3076 740 3119 omne
763 3061 884 3139 quanto
902 3056 1028 3121 felicius
1047 3059 1125 3120 tem-

115 3142 202 3231 pus),
225 3144 392 3228 quolibet
415 3146 504 3228 scire,
527 3144 605 3228 quid
628 3144 737 3228 simus,
758 3145 839 3210 libet
861 3167 1015 3231 exercere,
1039 3144 1125 3228 quod

116 3236 242 3298 scimus.
289 3232 359 3310 Quo
382 3234 498 3299 iustius
525 3237 616 3317 peto,
637 3233 778 3317 primum
805 3238 842 3298 ιιι
867 3236 979 3318 errori,
1002 3233 1031 3299 si
1053 3235 1126 3318 quis

116 3328 165 3387 est
187 3345 283 3407 error,
306 3323 430 3388 tribuas
448 3323 585 3406 veniam,
603 3321 716 3387 deinde
733 3323 889 3389 medearis
909 3323 1043 3389 scientia
1060 3326 1125 3405 tua,

183 3537 218 3584 15
244 3532 396 3589 ιάιιιιιιιιι
422 3553 454 3604 a,
478 3535 558 3606 K.,·I
582 3553 608 3594 c.
629 3536 671 3593 K
694 3537 771 3607 disp
785 3536 882 3590 mr
992 3529 1098 3576 2⁵2³&
1059 3519 1180 3569 ἋἋἋ

101 3601 261 3666 Be‘fferauh
282 3621 351 3661 mua
371 3577 901 3693 Rhea.1scd.csc‚1(.11,sn1uus
918 3598 1004 3662 avda
