2506 3862
393 232 650 287 EPISTULARUM
668 232 694 287 11
714 238 826 286 17-19.

571 401 648 458 XIX.

362 501 389 549 c.
413 502 552 549 rannus
578 501 717 548 caurum
741 501 807 549 suo
832 500 857 548 s,

169 589 334 674 Hortaris,
371 596 407 655 ut
440 593 617 656 orationem
650 592 762 655 amicis
794 591 941 675 pluribus
977 594 1152 657 reciteml

101 678 241 763 Faciam,
260 681 336 764 quia
358 681 506 764 hortaris,
525 681 672 763 quamvis
696 681 901 745 vehementer
923 679 1117 745 addubitem.

75 767 216 851 sNeque
249 770 334 833 enim
367 792 418 834 me
450 770 602 853 praeterit
634 770 792 853 actiones,
823 791 903 853 quae
935 771 1152 855 recitantur,2

103 859 260 941 impetum
294 878 421 923 omnem
454 859 656 941 caloremque
687 879 724 923 ac
751 881 851 942 prope
879 881 998 922 nomen
1025 880 1118 923 suum

101 946 244 1031 perdere,
267 951 304 1011 ut
327 969 406 1030 quas
433 948 557 1012 soleant
585 947 807 1011 commendare
836 948 931 1011 simul
955 952 987 1012 et
1010 968 1119 1012 accen-

103 1035 178 1099 dere
202 1036 344 1100 iudicum
368 1058 545 1121 consessus,
574 1037 741 1101 celebritas
765 1037 1003 1119 advocatorum,
1027 1059 1119 1120 expe·

104 1124 203 1189 ctatio
228 1131 370 1208 eventus,
392 1126 479 1189 fama
497 1148 564 1189 non
581 1127 677 1189 unius
696 1126 813 1190 actoris
838 1126 1067 1208 diductumque
1085 1127 1120 1189 in

62 1239 89 1280 io
103 1218 211 1297 partes
245 1214 444 1279 audientium
477 1214 634 1298 studium,
668 1213 708 1276 ad
739 1214 801 1279 hoo
833 1214 968 1279 dicentis
1001 1219 1119 1298 gestus,

103 1304 261 1387 incessus,
290 1303 451 1369 discursus
480 1305 576 1368 etiam
605 1303 818 1387 omnibusque
850 1304 991 1368 motibus
1019 1305 1119 1366 animi

104 1396 336 1458 consentaneus
362 1394 456 1479 vigor
478 1395 629 1477 corporis.
674 1391 769 1458 Unde
792 1393 920 1476 accidit,
943 1397 980 1457 ut
1004 1393 1040 1476 ii,
1064 1392 1155 1475 quis

104 1481 250 1546 sedentes
270 1486 379 1566 agunt,
394 1484 540 1566 quamvis
560 1482 624 1547 illis
643 1482 783 1546 maxima
802 1487 945 1566 exparte
960 1482 1121 1565 supersint

105 1571 216 1634 eadem
244 1570 300 1634 illa
328 1593 409 1654 quae
438 1571 610 1655 stantibus,
638 1575 747 1635 tamen
778 1571 853 1654 hoc,
882 1571 968 1653 quod
1001 1569 1121 1652 sedent,

63 1685 89 1725 15
105 1661 198 1742 quasi
226 1659 434 1724 debilitentur
462 1664 494 1724 et
522 1661 748 1745 deprimantur.
793 1658 1011 1722 Recitantium
1043 1675 1155 1722 verca

103 1749 276 1832 praecipua
312 1749 585 1833 pronuntiationis
624 1749 823 1830 adiumenta,
860 1749 962 1830 oculi,
998 1768 1120 1830 manus,

103 1837 362 1921 praepediuntur.
410 1837 480 1914 Quo
509 1839 615 1902 minus
643 1837 760 1900 mirum
789 1840 850 1919 est,
878 1837 906 1900 si
938 1835 1120 1899 auditorum

105 1928 242 1991 intentio
265 1927 480 2012 relanguescit
502 1927 601 1992 nullis
624 1927 821 1991 extrinsecus
845 1929 901 1989 aut
923 1924 1120 1989 blandimen-

104 2016 148 2079 tis
167 2020 260 2100 capta
279 2020 335 2080 aut
353 2017 471 2081 aculeis
491 2017 636 2081 excitata.
668 2014 802 2079 Accedit
820 2014 880 2099 his,
904 2013 990 2098 quod
1009 2014 1121 2098 oratio,
1140 2028 1156 2077 5

67 2129 94 2169 so
109 2106 148 2169 de
172 2127 235 2189 qua
257 2107 381 2191 loquor,
404 2128 535 2191 pugnax
554 2109 586 2169 et
604 2105 695 2188 quasi
714 2105 914 2170 contentiosa
933 2107 988 2167 est.
1020 2102 1121 2167 Porro
1154 2159 1156 2164 ,

105 2195 151 2257 ita
169 2198 284 2258 natura
303 2199 524 2279 comparatum
544 2198 601 2278 est,
619 2197 656 2257 ut
675 2215 720 2276 ea,
744 2216 824 2278 quae
844 2194 1029 2276 scripsimus
1048 2213 1121 2255 cum

104 2283 228 2366 labore,
261 2284 357 2348 otiam
386 2305 459 2348 cum
486 2285 597 2348 labore
624 2284 728 2347 audiri
759 2286 918 2366 putemus.
968 2280 1013 2345 Et
1046 2297 1156 2344 sanes

106 2376 224 2455 quotus
252 2374 387 2456 quisque
414 2378 481 2437 tam
508 2378 614 2438 rectus
637 2373 779 2455 auditor,
807 2393 902 2454 quem
925 2392 991 2434 non
1013 2370 1122 2452 potius

108 2461 214 2525 dulcia
241 2461 321 2526 haec
348 2465 380 2526 et
409 2464 556 2527 sonantia
587 2484 683 2546 quam
713 2465 839 2525 austera
870 2464 902 2524 ct
931 2480 1039 2543 pressa
1072 2457 1123 2521 de-

66 2575 93 2615 a
108 2551 260 2633 lactent?
280 2550 340 2615 Est
365 2551 493 2635 quidem
518 2552 649 2616 omnino
672 2551 775 2634 turpis
799 2551 861 2613 ista
884 2547 1051 2631 discordia,
1074 2549 1122 2609 est

108 2642 226 2724 tamen,
245 2641 320 2723 quia
338 2641 526 2724 plerumque
546 2641 660 2722 evenit,
683 2642 720 2702 ut
738 2639 825 2702 aliud
844 2637 1013 2720 auditores,
1036 2635 1123 2699 aliud

108 2727 230 2792 iudices
253 2730 397 2814 exigant,
425 2751 498 2793 oum
521 2729 643 2813 alioqui
666 2729 705 2792 iis
728 2729 897 2812 praecipue
920 2725 1048 2789 auditor
1071 2724 1123 2788 ad-

108 2817 163 2881 fici
182 2817 304 2902 debeat,
324 2819 440 2902 quibus
459 2817 552 2900 idem,
572 2819 600 2881 si
617 2818 701 2882 foret
720 2817 824 2899 iudex,
842 2817 981 2879 maxime
999 2836 1124 2898 permo-

109 2910 246 2970 veretur.
278 2905 390 2971 Potest
408 2910 517 2970 tamen
535 2907 613 2991 fieri,
636 2909 674 2970 ut
697 2927 891 2991 quamquam
914 2906 949 2968 in
972 2904 1023 2967 his
1042 2903 1158 2967 dissi-r

68 3020 96 3060 1ο
110 2996 286 3060 cultatibus
308 2996 392 3060 libro
415 2997 469 3060 isti
492 2996 619 3060 novitas
646 2996 859 3076 lenocinetur,
886 2993 1011 3057 novitas
1040 2990 1124 3075 apud

109 3088 251 3169 nostros3
279 3085 365 3169 apud
388 3083 526 3149 Graecos
555 3085 639 3148 enim
670 3088 718 3148 est
741 3083 893 3167 quiddam
917 3081 1063 3165 quamvis
1087 3103 1125 3144 ex

109 3201 324 3209 ——.--—

183 3265 216 3312 18
235 3259 356 3314 intentio
374 3256 480 3329 relang.
500 3259 645 3314 FDRicc.
648 3275 702 3327 pr,
717 3259 764 3326 K,
786 3257 943 3311 intentione
960 3255 1035 3323 lang.
1058 3251 1095 3306 M
1103 3253 1130 3306 V

109 3332 207 3400 Pomp.
227 3332 305 3387 Laet.
320 3350 351 3397 a,
379 3330 499 3386 intentio
528 3330 603 3400 lang.
627 3331 771 3394 Beroald,
794 3329 894 3383 Novak
919 3327 1034 3381 ‘Ztscha
1058 3326 1079 3391 f.
1099 3323 1126 3376 d.

110 3402 318 3457 0111131891
333 3419 363 3471 p.
375 3407 453 3457 1067.
553 3406 586 3455 20
611 3400 692 3469 quasi
712 3402 749 3454 M
757 3401 815 3466 Vs,
840 3416 891 3454 om.
910 3399 1060 3476 DFrcq,
1077 3394 1135 3454 Kc,

110 3475 146 3541 cf.
157 3473 219 3527 VII
225 3478 250 3528 9.
261 3478 286 3528 7.
360 3478 393 3526 16
413 3472 480 3542 quia
500 3475 538 3529 M
545 3474 577 3542 V,
592 3473 631 3528 K.
638 3473 682 3543 ΙΙ,
700 3471 752 3544 qui
765 3472 808 3540 D,
825 3486 904 3538 quae
916 3459 1160 3543 FRaca-Qffls

100 3543 293 3669 {iugcerm
349 3550 383 3599 27
410 3546 446 3602 ns
462 3547 554 3617 nn,
572 3547 661 3620 111),
680 3545 825 3619 uniquus
838 3544 883 3610 n,
899 3537 1042 3601 uisam
1053 3543 1094 3594 ar
1106 3523 1184 3586 ,ns

176 3631 204 3679 s,
256 3656 292 3670 ..
