2506 3862
424 211 681 266 nersruuaaun
699 210 739 264 nr
757 219 782 278 4,
802 216 825 265 a.

607 380 642 437 V.

316 480 344 527 C.
368 479 506 527 PLINIUS
531 480 658 528 ΒΑΕΒΙΟ
682 480 800 527 MACRO
825 480 890 528 SUO
916 481 941 529 S.

185 568 375 654 Pergratum
390 574 438 634 est
452 570 541 653 milri,
560 570 646 652 quod
659 575 726 634 tam
741 569 911 656 diligenter
923 570 1023 634 libros
1037 593 1134 635 avun-
1154 587 1167 634 1

118 659 184 724 culi
211 660 275 722 mei
302 656 441 742 lectitas,
468 663 505 723 ut
532 660 650 723 habere
678 681 788 723 omnes
818 659 898 723 velis
929 681 1134 744 quaerasque,

91 749 177 832 aqui
202 749 267 811 sint
290 769 409 813 omnes.
450 746 581 834 Fungar
603 749 717 813 indicis
739 749 885 831 partibus
909 753 1004 831 atque
1028 749 1168 834 etiam,a

117 858 183 920 quo
213 837 277 901 sint
305 837 415 901 ordine
443 839 568 920 scripti,
597 842 711 902 notum
734 838 795 901 tibi
817 837 947 922 faciam3
977 841 1025 902 est
1049 839 1133 902 enim

117 927 199 990 haec
227 947 353 1009 quoque
382 926 533 991 studiosis
563 948 629 990 non
661 926 833 991 iniucunda
865 926 1018 1013 cognitio
1073 927 1169 991 ‘Dee

117 1016 312 1080 iaculatione
335 1017 475 1099 equestri
498 1015 607 1099 unus'3
637 1016 736 1098 hunc,
766 1037 839 1080 cum
862 1016 1042 1100 praefectus
1065 1018 1134 1081 alae

118 1105 282 1187 militaret,
296 1106 366 1188 pari
380 1106 509 1190 ingenio
529 1127 667 1189 curaque
686 1106 864 1188 conposuit.
889 1104 950 1169 ‘De
964 1106 1031 1170 vita
1040 1104 1134 1169 Pom-

77 1194 197 1277 reponi
216 1191 354 1257 Secundi
378 1193 467 1278 du0'3
490 1216 591 1277 aquo
616 1195 820 1279 singulariter
842 1199 967 1259 amatus
989 1194 1134 1258 1111111-

118 1283 241 1346 moriae
259 1282 354 1347 amici
374 1284 465 1365 quasi
484 1282 628 1347 debitum
647 1305 764 1346 munus
783 1284 928 1348 exsolvit.
957 1283 1134 1347 ‘Bellorum
1153 1298 1170 1345 4

119 1370 309 1436 Germaniae
332 1372 475 1457 viginti’3
499 1373 615 1455 quibus
635 1373 751 1456 omnia,
775 1393 949 1454 quaecum
969 1371 1134 1437 Germanis

119 1461 277 1547 gessimus
300 1459 394 1545 bella,
418 1462 557 1546 collegit.
603 1460 785 1544 lnohoavit,
809 1483 882 1525 cum
906 1462 940 1524 in
964 1460 1135 1526 Germania

118 1549 283 1634 militaret,
307 1551 431 1614 somnio
451 1552 602 1615 monitus.
634 1549 771 1615 Adstitit
794 1551 823 1613 ei
843 1551 1018 1632 quiescenti
1036 1550 1135 1615 Drusi

79 1664 104 1704 rs
119 1636 259 1703 Neronis
287 1638 424 1724 effigies,
457 1640 513 1722 qui
546 1637 734 1704 Germaniae
765 1640 921 1703 latissime
954 1640 1057 1704 victor
1088 1641 1135 1704 ibi

118 1728 225 1811 periit,
249 1728 494 1792 commendabat
516 1730 704 1792 memoriam
724 1750 815 1792 suam
834 1729 1018 1813 orabatque,
1042 1732 1078 1790 ut
1102 1749 1135 1792 se

119 1817 161 1880 ab
185 1817 302 1881 iniuria
330 1818 501 1882 oblivionis
525 1817 693 1882 adsereret.
739 1814 895 1881 ‘Studiosi
917 1816 993 1881 tres'
1021 1818 1056 1879 in
1079 1830 1170 1880 sexo

118 1906 285 1970 volumina
303 1911 435 1990 propter
452 1906 697 1990 amplitudinem
717 1906 820 1989 divisi,
839 1906 956 1990 quibus
976 1909 1135 1970 oratorem

119 1995 161 2059 ab
189 1995 391 2059 incunabulis
419 1995 560 2060 instituit
588 2000 620 2060 11
647 1995 788 2078 perfecit.
835 1994 948 2058 ‘Dubii
978 1996 1135 2059 sermonis

79 2109 106 2149 ao
121 2083 221 2168 octo’3
246 2085 373 2167 scripsit
396 2084 455 2148 sub
474 2082 603 2148 Nerone
621 2085 804 2149 novissimis
823 2085 924 2167 annis,
947 2106 1020 2148 cum
1040 2107 1135 2149 omne

120 2173 301 2238 studiorum
325 2195 425 2259 genus
448 2173 545 2258 paulo
564 2174 696 2238 liberius
715 2178 747 2238 et
766 2175 901 2239 erectius
919 2173 1134 2258 periculosum

121 2263 258 2326 servitus
287 2262 423 2327 fecisset.
461 2262 503 2326 ‘A
530 2263 593 2327 fine
616 2260 727 2326 Aufidi
748 2262 841 2326 Bassi
868 2263 1002 2348 triginta
1031 2261 1170 2335 unus’ss

121 2350 276 2416 ‘Naturae
299 2351 505 2416 historiarum
533 2351 668 2438 triginta
696 2351 840 2436 septem',
866 2373 946 2434 opus
974 2351 1135 2433 diffusum,

121 2440 282 2504 eruditum
301 2463 360 2505 neo
377 2441 484 2505 minus
502 2443 626 2505 varium
646 2463 742 2524 quam
761 2442 831 2524 ipsa
849 2444 970 2505 natura.
1000 2439 1136 2521 Miraris,
1155 2452 1170 2501 7

80 2556 106 2595 aa
122 2528 210 2612 quod
239 2533 289 2593 tot
318 2530 483 2593 volumina
512 2531 677 2612 multaque
707 2531 741 2593 in
770 2529 821 2592 his
851 2533 918 2593 tam
950 2529 1136 2612 scrupulosa

121 2617 221 2680 homo
245 2623 418 2702 occupatus
442 2619 628 2701 absolverit,
651 2619 754 2704 magis
777 2616 953 2700 miraberis,
976 2618 1003 2681 si
1027 2617 1135 2682 scieris

121 2706 215 2770 illum
233 2708 419 2789 aliquandiu
438 2729 548 2772 causas
566 2709 729 2791 actitasse,
752 2707 922 2772 decessisse
940 2728 1024 2770 anno
1045 2710 1135 2770 sexto

122 2799 155 2860 et
178 2796 480 2882 quinquagensimo,
507 2798 647 2861 medium
675 2801 802 2880 tempus
832 2795 1007 2860 distentum
1037 2796 1136 2879 impe-

123 2884 290 2968 ditumque
314 2907 377 2968 qua
400 2885 516 2950 officiis
539 2886 687 2949 maximis
711 2907 774 2968 qua
792 2884 934 2949 amicitia
952 2884 1134 2969 principum

82 2999 109 3040 ao
124 2974 235 3060 egisse.
282 2972 345 3038 Sed
373 2979 440 3039 erat
463 2996 535 3039 acre
562 2975 742 3061 ingenium,
771 2973 957 3039 incredibile
985 2974 1171 3056 studium,8

124 3085 249 3126 summa
276 3063 452 3148 vigilantia.
497 3063 680 3127 Lucubrare
703 3062 933 3128 Vulcanalibus
962 3062 1137 3147 incipiebat

123 3173 189 3215 non
218 3152 404 3235 auspicandi
434 3175 541 3235 causa,
574 3152 629 3216 sed
659 3153 822 3237 studendi,
854 3152 963 3217 statim
993 3175 1012 3216 a
1041 3156 1135 3217 nocte

123 3241 239 3324 multa,
266 3241 371 3304 hieme
399 3263 474 3305 vero
502 3243 542 3306 ab
570 3242 650 3305 hora
673 3242 809 3324 septima
831 3243 895 3324 vel,
928 3262 1001 3306 oum
1024 3240 1136 3305 tardis-

124 3329 213 3412 sime,
237 3332 358 3413 octava,
381 3352 474 3415 saepe
493 3335 590 3395 sexta.
617 3329 698 3394 Erat
716 3351 791 3394 sane
810 3330 914 3395 somni
933 3329 1136 3413 paratissimi,

197 3528 231 3576 14
250 3520 325 3577 enim
338 3523 365 3579 ei
380 3523 443 3592 Fp,
464 3523 525 3579 Otto
538 3528 595 3580 292
608 3530 633 3579 et
645 3527 716 3589 299;
733 3540 758 3577 o.
773 3523 811 3577 K.
825 3523 895 3593 disp.
909 3523 931 3577 I
936 3527 961 3577 9.
1022 3526 1054 3575 19
1073 3538 1136 3591 per-

124 3591 195 3647 fecit
212 3594 296 3661 Fra,
318 3595 454 3660 0111299,
473 3594 647 3666 1511191672,
665 3593 775 3663 perficit
792 3595 868 3668 culp.
