2506 3862
410 227 667 282 EPISTULARUM
684 227 711 281 V
730 232 772 295 16,
792 234 833 282 11.
1066 228 1126 293 131

115 389 305 475 Exprimere
332 413 398 456 non
425 413 571 475 possum,
604 396 724 474 quanto
753 391 813 456 sim
841 393 959 478 gaudio
983 393 1162 458 6116611161

116 484 149 544 61
172 481 273 564 ipsius
297 484 329 544 et
352 502 423 544 meo
447 481 586 562 nomine,
608 481 725 564 ipsius,
749 481 843 564 quod,
867 483 909 546 sit
932 483 1021 565 11661,
1045 483 1128 546 sicut

115 573 174 652 est,
196 570 237 634 ab
261 570 350 633 omni
372 570 547 634 ambitione
569 570 667 655 longe
689 576 841 653 remotus,
860 570 954 636 debet
971 576 1080 635 161161
1098 571 1128 635 61

115 658 272 723 iucundus
294 659 401 723 honor
423 681 491 723 esse
513 659 600 723 ultro
624 658 727 741 datus,
750 680 831 742 meo,
854 661 941 742 quod
961 660 1127 742 aliquanto

90 747 220 833 smagis
244 770 295 812 116
319 747 455 812 16166161
474 748 660 813 mandatum
680 747 760 812 mihi
779 748 931 833 officium,
954 752 1127 832 postquam

115 859 174 920 par
198 834 340 901 Cornuto
365 836 475 901 datum
498 836 600 902 video.
645 834 759 920 Neque
783 837 868 901 enim
891 838 1002 923 augeri
1025 837 1163 923 digni-s

114 929 182 990 tate
205 947 301 1008 quam
325 926 455 1008 aequari
477 924 572 990 bonis
596 925 728 1012 gratius.
761 923 903 991 Cornuto
923 931 1029 991 autern
1050 928 1128 1010 quid

115 1014 244 1097 melius,
272 1014 350 1098 quid
373 1015 529 1098 sanctius,
553 1015 631 1097 quid
653 1015 688 1079 in
711 1014 799 1079 omni
823 1037 938 1101 genere
959 1016 1063 1079 laudis
1087 1016 1126 1080 61

115 1104 278 1187 exemplar
311 1104 513 1186 antiquitatis
548 1103 749 1188 expressius?
765 1104 874 1256 tquod
909 1104 990 1169 mihi
1019 1105 1127 1189 cogni-

74 1218 100 1257 1⁰
113 1196 256 1258 tumt
207 1197 256 1258 est
277 1215 344 1257 161
364 1193 464 1276 fama,
491 1214 556 1275 qua
577 1193 699 1277 alioqui
722 1196 779 1276 opt
780 1194 844 1256 ima
868 1197 900 1258 et
922 1194 1127 1259 meritissima

113 1281 241 1364 fruitur,
263 1282 319 1346 sed
341 1282 448 1367 longis
471 1281 661 1367 magnisque
684 1283 919 1365 experimentis.
959 1281 1032 1347 Una
1056 1283 1126 1346 1111-
1144 1299 1161 1347 4

115 1372 236 1471 ¹gimus,
267 1394 331 1435 una
355 1370 526 1436 dileximus
549 1392 660 1435 omnes
683 1371 763 1454 fere,
796 1392 876 1454 quos
906 1376 993 1437 66166
1016 1375 1126 1436 nostra

114 1461 148 1524 in
171 1464 308 1543 utroque
332 1481 410 1524 sexu
434 1460 640 1524 aemulandos
663 1459 752 1524 tulit·
745 1482 866 1561 ,quae
890 1461 1026 1525 societas
1049 1461 1126 1524 ami-

115 1548 262 1613 citiarum
286 1549 446 1614 artissima
468 1571 528 1613 nos
551 1511 770 1613 familiaritate
792 1549 968 1614 coniunxit.
945 1547 1127 1615 t-Aeces
1145 1564 1161 1613 5

74 1662 100 1702 rs
114 1638 157 1702 sit
179 1639 344 1702 vinculum
366 1638 612 1702 necessitudinis
635 1637 791 1722 publicae.
823 1636 912 1702 Idem
932 1638 1017 1702 61111
1035 1639 1125 1721 mihi,

112 1730 150 1790 11
186 1727 265 1810 6616,
301 1727 425 1813 collega
462 1729 554 1810 quasi
589 1731 667 1791 voto
703 1727 824 1810 petitus
860 1729 895 1791 in
926 1689 1126 1811 praefectural

113 1816 227 1880 aerarii
248 1816 325 1900 fuit,
352 1816 415 1880 fuit
443 1820 475 1880 et
505 1816 539 1879 in
562 1817 739 1880 consulatu.
785 1815 868 1880 Tum
892 1837 967 1902 ego,
997 1816 1053 1897 qui
1076 1817 1126 1880 vir

114 1907 146 1967 61
169 1909 308 1986 quantus
332 1908 428 1988 esset,
461 1905 616 1969 altissime
643 1906 784 1990 inspexi,
816 1927 889 1970 cum
918 1926 1066 1988 sequerer
1088 1909 1126 1968 nt

113 1994 314 2077 magistram,
336 1997 373 2057 ut
391 1997 556 2076 parentem
575 2016 709 2077 vererer,
732 1994 818 2078 quod
841 2017 906 2058 non
925 1997 992 2058 tam
1011 1995 1124 2059 aetatis

72 2108 99 2147 16
112 2082 299 2146 maturitate
327 2104 423 2166 quam
454 2083 540 2147 vitae
567 2083 756 2148 merebatur.
801 2081 862 2147 His
890 2105 929 2147 ex
956 2084 1060 2147 causis
1087 2087 1160 2148 1116

113 2171 162 2237 illi
181 2172 227 2237 sic
246 2170 327 2234 mihi
345 2172 490 2255 gratilor
507 2192 567 2237 nec
580 2173 732 2255 privatim
751 2172 855 2257 magis
870 2194 967 2256 quam
985 2172 1124 2257 publice,

113 2262 200 2343 quod
217 2260 347 2324 tandem
366 2259 512 2324 homines
530 2282 597 2325 non
615 2261 656 2324 ad
673 2260 816 2344 pericula
834 2264 871 2324 nt
889 2260 988 2344 prius,
1011 2283 1122 2325 verum

112 2351 153 2414 ad
181 2349 320 2413 honores
351 2349 469 2414 virtute
499 2350 697 2433 perveniunt.
743 2347 782 2413 In
811 2349 974 2414 infinitum
1005 2349 1159 2432 episto-7

111 2439 176 2502 1611
200 2439 379 2522 extendam,
403 2438 430 2502 si
453 2438 571 2524 gaudio
599 2461 671 2504 meo
694 2439 888 2524 indulgeam.
936 2437 1125 2502 Praevertor

72 2526 154 2592 asad
177 2549 222 2611 66,
246 2549 327 2611 quae
350 2549 402 2591 116
426 2531 573 2613 agentem
597 2529 651 2593 hic
674 2528 806 2592 nuntius
831 2526 1047 2611 deprehendit.

179 2615 278 2680 Eram
296 2638 370 2681 eum
388 2637 560 2700 prosocero
579 2639 661 2700 meo,
685 2638 771 2680 eram
791 2638 864 2680 cum
887 2617 986 2680 amita
1004 2616 1123 2700 uxoris,
1142 2631 1159 2680 8

112 2727 197 2769 eram
222 2725 295 2769 cum
319 2706 429 2770 amieis
454 2705 509 2769 diu
532 2705 732 2791 desideratis,
762 2705 969 2771 circumibam
992 2706 1123 2789 agellos,

111 2794 279 2858 audiebam
316 2796 454 2859 multum
491 2795 682 2859 rusticarum
719 2793 946 2877 querellarum,
981 2795 1123 2858 rationes

110 2882 257 2968 legebam
290 2883 410 2948 invitus
443 2887 475 2948 et
507 2884 625 2947 cursim
658 2881 744 2969 (aliis
772 2883 858 2948 enim
886 2882 1018 2968 chartis,
1051 2883 1123 2948 aliis

71 2995 182 3038 seeum
200 2973 318 3037 litteris
337 2969 507 3058 initiatus),
531 2993 697 3056 coeperam
717 2971 813 3036 etiam
837 2972 945 3036 itineri
964 2994 1015 3036 me
1034 2994 1122 3056 prae-

110 3084 231 3145 parare.
289 3060 374 3126 Nam
411 3062 558 3128 includor
594 3061 751 3147 angustiis
788 3065 983 3125 commeatus
1021 3077 1157 3144 eoquee

110 3153 190 3236 ipso,
214 3149 301 3234 quod
324 3150 506 3236 delegatum
526 3148 668 3215 Cornuto
693 3150 787 3214 audio
807 3150 959 3232 officium,
982 3151 1046 3213 mei
1070 3149 1123 3213 ad-

110 3261 250 3304 moneor.
284 3237 386 3323 Cupio
410 3243 442 3304 te
466 3262 594 3323 quoque
618 3239 677 3303 sub
696 3239 781 3303 idem
804 3242 931 3323 tempus
948 3236 1123 3322 Campania

109 3332 166 3393 tua
188 3329 346 3412 remittat,
378 3350 418 3393 ne
443 3330 530 3414 quis,
563 3350 634 3392 6111
659 3329 694 3392 in
717 3328 828 3392 urbem
851 3328 987 3410 rediero,
1011 3331 1122 3392 contu·

70 3442 96 3483 61
110 3417 221 3482 bernio
245 3421 356 3482 166116
381 3416 448 3481 dies
471 3421 589 3501 pereat.
636 3415 726 3481 Vale.

171 3615 188 3661 9
206 3610 367 3680 exemplum
387 3614 458 3671 KJ
467 3634 502 3674 616
520 3618 564 3674 M.
