2506 3862
419 214 677 270 nonuunnuun
694 216 707 269 1
727 223 768 286 12,
789 223 830 272 ra.
1090 220 1131 284 15

118 379 240 444 recenti
259 378 369 442 dolore
390 379 613 445 contubernali
631 402 703 444 meo
724 379 863 446 Calvisio
882 381 962 447 dixi:
985 382 1131 466 ‘Vereor

118 489 158 532 ne
180 468 408 554 neglegentius
430 468 557 533 vivam?
601 467 740 534 Proinde
762 470 878 534 adhibe
901 472 1019 537 solacia
1042 473 1131 556 mihi,
1151 489 1184 537 13

118 578 186 622 non
207 556 301 622 haec:
333 555 454 622 ‘Senex
477 563 554 642 eret,
572 558 720 623 infirmus
743 559 827 624 erat’
852 559 945 645 (haec
967 563 1052 627 enirn
1076 584 1131 626 no-

118 643 176 732 vi),
199 646 256 710 sed
277 667 363 711 nova
385 647 502 730 aliqua,
526 648 581 712 sed
604 670 730 734 magna,
758 671 840 733 quae
863 650 1018 714 audierim
1041 674 1131 714 num-

87 761 104 801 s
119 757 230 819 qnam,
261 735 394 821 legerim
424 757 610 819 numquam.
655 735 754 820 Nam,
787 760 869 822 quae
898 739 1020 822 audivi,
1050 761 1131 821 quae

117 825 198 977 lpgq',
226 829 342 910 sponte
369 830 573 910 succurrunt,
596 827 652 891 sed
679 830 769 892 tanto
799 828 908 893 dolore
932 831 1130 912 superantur.

150 935 169 977 a
182 935 208 978 e.

585 1027 667 1086 XIII.

294 1126 321 1175 c.
345 1126 485 1190 enimus
510 1127 607 1177 sos10
632 1127 818 1178 snunmoru
842 1129 907 1178 suo
932 1130 957 1178 s.

77 1241 106 1282 ro
186 1215 341 1303 Magnum
372 1221 566 1301 proventum
596 1223 764 1302 poetarum
794 1242 896 1285 annus
925 1219 979 1284 hic
1009 1220 1165 1302 attulit31

119 1309 190 1370 toto
213 1328 323 1371 mense
345 1304 452 1391 Aprili
475 1308 583 1372 nullus
609 1307 675 1372 fere
699 1309 862 1392 diesque
890 1331 957 1374 non
982 1310 1131 1373 recitaret

119 1393 245 1478 aliquis.
290 1393 384 1461 Iuvat
411 1418 477 1479 me,
504 1396 591 1480 quod
617 1399 728 1483 vigent
756 1399 874 1482 studia,
902 1398 1070 1483 proferunt
1098 1420 1131 1462 se

118 1484 249 1571 ingenia
271 1483 440 1550 hominum
464 1489 495 1550 et
520 1490 691 1570 ostentant,
718 1489 847 1553 tametsi
875 1488 915 1551 ad
937 1487 1131 1553 audiendum

120 1575 212 1660 pigre
240 1573 352 1638 coitur.
397 1573 547 1658 Plerique
574 1575 609 1640 in
637 1577 829 1641 stationibus
857 1578 968 1642 sedent
990 1581 1166 1661 tempus-2

78 1684 182 1747 reque
211 1662 360 1728 audiendi
386 1665 506 1729 fabulis
534 1670 705 1730 conterunt
732 1687 769 1730 ac
792 1665 927 1730 subinde
959 1665 1020 1730 sibi
1052 1687 1131 1728 nun-

120 1752 195 1816 tiari
226 1752 351 1836 iubent,
383 1777 425 1818 an
456 1755 521 1818 iam
552 1755 705 1818 recitator
735 1755 915 1836 intraverit,
947 1776 989 1818 an
1016 1753 1132 1817 dixerit

120 1841 367 1926 praefationem,
398 1865 439 1907 an
471 1866 511 1908 ex
542 1865 660 1929 magna
689 1848 780 1927 parte
813 1843 968 1908 evolverit
998 1842 1132 1925 librum3

120 1935 199 1995 tunc
222 1931 348 1996 demum
375 1952 412 1997 ac
434 1937 513 1998 tuno
540 1954 667 2015 quoque
693 1932 780 1997 lente
809 1935 1058 2015 cunctanterque
1081 1953 1132 1996 ve

121 2019 215 2085 niunt
236 2041 296 2086 nee
318 2025 427 2086 tamen
451 2026 649 2106 permanent,
676 2022 828 2087 sedante
855 2023 952 2087 finem
979 2021 1133 2086 recedunt

78 2132 107 2172 so
121 2109 177 2173 alii
200 2110 439 2176 dissimulanter
461 2116 494 2176 et
520 2111 641 2195 furtim,
669 2111 725 2175 alii
753 2112 942 2196 simpliciter
969 2114 1001 2175 et
1023 2109 1130 2174 libere.

120 2197 166 2263 At
188 2199 318 2264 hercule
341 2201 495 2265 memoria
518 2205 686 2284 parentum
710 2198 879 2265 Claudium
899 2199 1065 2265 Caesarem
1087 2198 1167 2263 fea

120 2292 206 2371 runt,
228 2310 301 2354 cum
324 2289 360 2353 in
377 2291 497 2373 palatio
517 2291 711 2374 spatiaretur
728 2290 931 2372 audissetque
951 2291 1132 2370 clamorem,

121 2397 251 2443 causam
278 2379 459 2463 requisisse,
487 2400 623 2462 cumque
651 2379 773 2443 dictum
801 2382 884 2443 esset
910 2379 1043 2443 recitare
1065 2375 1132 2440 No-

120 2467 263 2550 nianum,
282 2468 424 2533 subitum
438 2469 586 2532 recitanti
600 2469 868 2553 inopinatumque
880 2468 1012 2533 venisse.
1035 2463 1132 2529 Nunc
1149 2481 1166 2528 4

78 2578 106 2620 as
122 2555 336 2622 otiosissimus
360 2558 495 2641 quisque
518 2558 622 2622 multo
645 2560 720 2621 ante
746 2560 878 2642 rogatur
902 2560 934 2620 et
956 2553 1131 2618 identidem

120 2644 304 2711 admonitus
323 2651 379 2711 aut
397 2667 464 2710 non
481 2647 569 2711 venit
587 2650 651 2729 aut,
671 2646 698 2710 si
716 2647 814 2728 venit,
828 2645 972 2728 queritur
990 2665 1024 2708 se
1038 2643 1131 2726 diem,
1160 2704 1162 2709 ,

121 2734 197 2818 quia
220 2755 286 2798 non
309 2736 491 2819 perdiderit,
513 2736 697 2820 perdidisse.
743 2732 806 2798 Sed
828 2737 919 2798 tanto
943 2733 1046 2818 magis
1064 2732 1131 2796 lau·
1150 2747 1166 2796 5

120 2823 218 2888 dandi
240 2823 460 2908 probandique
484 2828 568 2908 sunt,
591 2845 672 2907 quos
696 2823 891 2889 ascribendi
914 2822 1131 2904 recitandique

121 2913 229 2977 studio
256 2912 336 2978 haee
363 2914 545 2978 auditorum
573 2915 624 2978 vel
656 2914 776 2978 desidia
807 2912 859 2976 vel
888 2911 1037 2995 superbia
1066 2931 1132 2974 non

79 3026 107 3070 aa
120 3001 270 3067 retardat.
315 3001 473 3085 Equidem
502 3024 603 3086 prope
634 3003 756 3066 nemini
787 3001 882 3066 defui.
926 3000 1029 3064 Erant
1056 3021 1131 3063 sane

121 3091 267 3175 plerique
299 3093 408 3176 amici3
437 3113 541 3175 neque
573 3092 658 3155 enim
689 3095 737 3155 est
765 3091 832 3155 fere
862 3091 1046 3174 quisquam,
1076 3088 1132 3171 qui

121 3180 237 3264 studia,
259 3184 297 3245 ut
319 3202 386 3245 non
408 3181 505 3245 simul
529 3185 560 3244 et
582 3201 642 3244 nos
665 3184 758 3244 amet.
794 3179 855 3244 His
879 3203 918 3244 ex
942 3180 1044 3244 causis
1063 3179 1166 3241 lon-o

122 3270 204 3355 gius,
232 3290 328 3353 quam
356 3271 598 3352 destinaveram,
623 3273 751 3353 tempus
779 3270 814 3334 in
835 3270 915 3334 urbe
938 3266 1130 3349 consumpsi.

120 3356 259 3424 Possum
277 3359 342 3424 iarn
360 3363 503 3445 repetere
522 3380 681 3424 secessum
695 3362 728 3422 et
746 3359 883 3424 scribere
900 3357 1031 3444 aliquid,
1045 3356 1132 3440 quod

193 3523 225 3572 21
255 3517 293 3570 ad
310 3523 336 3573 et
358 3517 451 3586 adque
469 3518 539 3572 K.I
552 3533 641 3587 paene
663 3523 817 3574 commater
840 3533 872 3572 ea
892 3517 930 3572 M
942 3516 1003 3583 (IX
1015 3519 1083 3570 374
1099 3530 1135 3568 ec

119 3590 229 3660 Dura)
248 3595 280 3646 ut
296 3588 404 3659 inquid.
