2506 3862
381 205 638 261 EPISTULARUM
656 206 708 261 VII
727 213 839 262 ra-aa.
1052 208 1114 272 185

102 371 184 453 loco,
206 370 383 456 iungimur3
410 392 484 433 nam
508 369 589 434 mihi
611 370 744 454 primus,
767 371 822 454 qui
845 393 864 434 a
886 375 918 435 te
940 371 1115 456 proximus.

103 456 307 534 Quinetiam
329 459 364 523 in
391 459 590 523 testamentis
618 459 713 524 debes
741 460 921 545 adnotassc;
952 460 1016 524 nisi
1044 461 1115 544 quis

102 548 185 613 forte
208 547 354 612 alterutri
381 552 527 612 nostrum
556 548 780 632 amicissimus,
812 549 922 614 eadem
949 550 1056 635 legata
1083 554 1116 614 et

103 636 232 721 quidem
255 638 375 722 pariter
396 637 579 721 accipimus.
626 636 713 714 Quae
737 638 845 702 omnia
870 638 934 702 huc
961 643 1115 723 spectant,
1135 654 1150 702 I

76 731 140 791 rut
161 727 298 791 invicem
322 726 484 790 ardentius
507 725 693 813 diligamus,
721 749 794 792 cum
817 731 868 791 tot
896 728 1033 792 vinculis
1056 749 1115 792 nos

103 815 217 898 studia,
240 836 353 899 mores,
376 815 471 899 fama,
489 837 638 900 suprema
656 816 793 900 denique
810 812 979 881 hominum
998 816 1115 882 iudicia

103 904 333 990 constringant.
374 903 463 969 Vale.

570 1034 648 1092 XXI.

350 1135 378 1182 c.
401 1134 540 1182 emulus
566 1135 729 1183 ooanuro
753 1135 818 1183 suo
842 1135 868 1183 s

62 1249 89 1288 ιο
169 1222 279 1308 Pareo,
303 1223 427 1310 collega
445 1224 616 1309 carissime,
635 1229 666 1289 et
685 1225 865 1289 infirmitati
884 1226 1060 1309 oculorum,
1077 1230 1115 1291 ut
1134 1241 1148 1290 1

103 1313 207 1397 iubes,
237 1314 378 1378 consulo.
424 1311 509 1377 Nam
538 1317 570 1378 et
597 1314 662 1379 huc
684 1318 770 1379 tecto
798 1314 945 1379 vehiculo
973 1315 1114 1399 undique

103 1402 243 1467 inclusus
263 1403 353 1486 quasi
371 1403 406 1466 in
420 1403 568 1467 cubiculo
582 1404 713 1487 perveni
727 1407 759 1467 et
772 1403 826 1467 hic
839 1424 905 1466 non
920 1405 994 1468 stilo
1008 1404 1115 1487 modo,

101 1513 212 1554 verum
236 1493 332 1556 etiam
355 1491 547 1556 lectionibus
571 1492 755 1575 difficulter,
778 1492 833 1556 sed
856 1492 1000 1557 abstineo
1026 1494 1115 1557 solis-

102 1602 164 1663 que
187 1581 318 1645 auribus
342 1581 462 1645 studeo.
496 1579 651 1646 Cubicula
670 1581 817 1646 obductis
835 1582 915 1645 velis
939 1603 1038 1666 opaca
1056 1597 1149 1647 neca

62 1692 88 1734 15
102 1673 210 1733 tamen
233 1671 368 1734 obscura
390 1670 483 1735 facio,
516 1668 780 1755 Cryptoporticus
803 1691 931 1753 quoque
953 1671 1114 1755 adopertis

102 1757 306 1823 inferioribus
328 1759 477 1824 fenestris
499 1764 625 1824 tantum
649 1760 781 1823 umbrae
804 1764 960 1842 quantum
982 1760 1114 1824 luminis

102 1845 207 1910 habet.
253 1845 307 1912 Sic
329 1848 485 1932 paulatim
507 1849 612 1913 lucem
635 1848 718 1912 ferre
741 1848 900 1913 condisoo.
944 1847 1114 1913 Balineum
1133 1863 1149 1911 3

103 1935 245 2017 adsumo,
268 1936 343 2019 quia
365 1937 509 2021 prodest,
531 1938 656 2020 vinum,
679 1938 755 2021 quia
777 1959 843 2000 non
865 1941 973 2019 nocet,
998 1938 1116 2021 parcis-

103 2023 182 2087 sime
204 2028 321 2088 tamen.
365 2023 416 2090 lta
439 2026 577 2108 adsuevi,
607 2030 639 2090 et
660 2046 747 2090 nunc
769 2030 877 2091 custos
899 2027 997 2092 adest.
1044 2024 1150 2091 Gal-4

62 2138 88 2178 ao
102 2111 202 2176 linam
225 2117 263 2176 ut
286 2117 354 2178 ate
372 2113 502 2179 missam
521 2115 659 2179 libenter
681 2116 803 2200 accepi3
827 2137 922 2198 quam
942 2117 1019 2180 satis
1037 2116 1115 2181 acri-

102 2202 292 2354 lxrygsleoculis
312 2224 505 2285 quamquam
523 2203 628 2269 adhuc
640 2205 758 2289 lippus,
775 2205 1021 2291 pinguissimam
1039 2206 1113 2269 vidi.

562 2404 655 2463 XXII.

356 2503 383 2550 o.
407 2504 546 2552 anrus
570 2504 722 2552 rnacoru
746 2504 810 2552 suo
835 2505 861 2552 s.

61 2618 88 2659 ss
168 2589 276 2657 Minus
299 2593 466 2658 miraberis
493 2617 544 2658 me
574 2599 641 2659 tarn
668 2596 825 2659 instanter
851 2595 983 2679 petisse,
1014 2598 1052 2658 ut
1081 2595 1148 2658 inl

102 2681 241 2746 amicum
264 2705 371 2747 meum
396 2682 555 2747 conferres
578 2684 787 2767 tribunatum,
810 2704 883 2748 cum
907 2683 1025 2766 scieris,
1043 2685 1114 2767 quis

101 2769 156 2835 ille
180 2772 354 2854 qualisque.
386 2770 523 2836 Possum
546 2777 653 2837 autem
676 2773 741 2837 iarn
764 2773 825 2837 tibi
848 2777 881 2837 et
898 2794 1017 2836 nomen
1034 2772 1114 2837 indi-

102 2881 172 2924 care
192 2864 224 2924 et
242 2861 418 2925 describere
437 2861 552 2945 ipsum,
570 2865 741 2945 postquam
759 2860 931 2946 polliceris.
959 2861 1020 2926 Est
1039 2859 1114 2926 Cor·
1133 2877 1148 2924 a

101 2949 205 3013 nelius
259 2948 465 3032 Minicianus,
502 2956 724 3016 ornamentum
757 2951 898 3037 regionis
935 2973 1024 3014 meae
1059 2973 1114 3015 seu

61 3064 88 3104 so
102 3037 259 3125 dignitate
282 3061 337 3103 seu
360 3039 513 3103 moribus.
544 3036 649 3103 Natus
668 3038 833 3123 splendide
851 3039 994 3104 abundat
1015 3040 1114 3104 facul-

101 3129 236 3212 tatibus,
263 3132 350 3193 amat
372 3128 486 3211 studia,
508 3131 546 3192 ut
569 3126 673 3192 solent
695 3150 859 3213 pauperes.
899 3126 988 3192 Idem
1007 3129 1116 3193 rectis-

102 3217 201 3280 simus
219 3217 325 3301 iudex,
347 3217 542 3281 fortissimus
561 3217 743 3300 advocatus,
761 3217 883 3282 amicus
900 3217 1113 3282 fidelissimus.

101 3304 273 3390 Accepisse
295 3310 328 3370 te
346 3306 536 3370 beneficium
556 3307 672 3389 credes,
695 3327 768 3370 cum
787 3306 919 3390 propius
938 3306 1114 3391 inspexeris
1133 3319 1149 3368 3

101 3390 265 3459 hominem
299 3396 448 3459 omnibus
479 3395 670 3478 honoribus,
703 3396 852 3459 omnibus
883 3395 990 3460 titulis
1019 3393 1123 3476 <mun

61 3507 88 3548 as
102 3484 176 3546 volo
200 3484 315 3547 elatius
339 3484 377 3548 de
395 3484 636 3551 modestissimo
653 3484 728 3552 uiro
748 3481 876 3570 dicersq
889 3501 1024 3564 parem.
1040 3477 1153 3534 *aba
