2506 3862
383 215 639 269 EPISTULARUM
657 215 696 269 IV
715 222 809 270 9-11.

573 385 624 442 XI.

229 484 421 532 11111111
446 484 622 532 11111111
646 484 829 532 immortuo
854 485 919 532 suo
944 485 970 533 1.

158 572 329 638 Audistine
348 574 514 639 Valerium
536 575 738 639 Licinianum
758 575 792 638 in
810 571 920 638 Sicilia
938 575 1104 658 profiteri?
1124 591 1138 638 1

91 663 235 727 nondum
267 667 299 727 te
331 667 410 747 puto
443 664 582 747 audisse;
619 668 667 728 est
700 665 785 728 enim
816 685 926 728 recens
962 666 1104 728 nuntius.

64 752 275 819 sPraetorius
303 753 399 816 modo
427 753 481 817 hio
508 755 592 817 inter
624 753 903 836 eloquentissimos
936 774 1104 817 causarum

92 845 216 906 actores
235 842 422 925 habebatur,
440 864 526 907 nunc
545 864 582 906 eo
602 843 728 925 decidit,
747 845 784 905 ut
803 843 878 906 exul
896 841 935 905 de
950 845 1104 925 senatore,

91 930 203 994 rhetor
230 930 268 993 de
297 935 422 995 oratore
451 931 550 995 fieret.
597 929 709 1014 Itaque
742 932 810 1014 ipse
842 931 876 994 in
907 931 1140 1013 praefatione2

93 1020 175 1082 dixit
199 1019 343 1083 dolenter
366 1024 398 1083 et
424 1022 576 1106 graviter:
605 1018 707 1096 ‘Quos
735 1021 805 1103 tibi,
831 1018 984 1103 Fortuna,
1011 1019 1104 1084 ludos

92 1108 194 1187 facis?
217 1108 296 1172 facis
320 1109 405 1172 enim
433 1132 473 1173 ex
501 1109 701 1174 senatoribus
729 1110 939 1192 professores,
967 1132 1006 1172 111
1033 1131 1105 1192 pro-

52 1222 78 1261 11
92 1197 267 1261 sessoribus
287 1198 469 1262 senatores?
504 1196 564 1261 Cui
585 1199 761 1262 sententiae
784 1201 911 1261 tantum
935 1198 1018 1279 bilis,
1037 1201 1106 1261 tan-

93 1290 163 1349 tum
178 1286 400 1350 amaritudinis
419 1288 510 1370 inest,
525 1291 562 1350 ut
580 1286 661 1350 mihi
679 1287 825 1351 videatur
843 1286 914 1350 ideo
933 1287 1105 1370 professus,

92 1378 130 1437 ut
152 1375 215 1438 hoc
238 1374 365 1439 diceret.
410 1374 508 1459 Idem,
532 1397 604 1439 cum
629 1374 748 1440 Graeco
772 1376 870 1458 pallio
899 1377 1035 1439 amictus
1059 1376 1106 1438 in-
1125 1389 1140 1437 3

93 1467 210 1527 trasset
237 1461 361 1549 (carent
389 1466 474 1532 enim
502 1469 597 1550 togae
625 1466 707 1548 iure,
736 1465 852 1547 quibus
877 1486 960 1546 aqua
982 1468 1014 1528 et
1038 1465 1106 1550 igni

94 1552 300 1616 interdictum
325 1551 396 1639 est),
418 1557 590 1637 postquam
615 1576 648 1618 se
667 1554 849 1636 composuit
867 1553 1106 1635 circumspexit-

55 1666 80 1705 15
96 1663 166 1723 que·
194 1642 341 1705 habitum
379 1664 488 1725 suum,
528 1642 673 1707 ‘Latine'
710 1642 816 1724 inquit
855 1641 1106 1705 ‘declamaturus

96 1730 188 1794 sum'
225 1729 320 1795 Dices
339 1732 444 1795 tristia
463 1735 495 1795 et
513 1730 701 1814 miseranda,
725 1730 859 1815 dignum
878 1733 986 1793 tamen
1005 1731 1106 1812 illum,
1124 1745 1141 1792 4

95 1820 152 1901 qui
178 1819 257 1882 haec
284 1821 353 1903 ipsa
382 1820 487 1884 studia
515 1821 628 1884 incesti
656 1822 773 1884 scelere
803 1819 979 1882 macularit.
1026 1816 1141 1882 Gon-o

94 1909 197 1972 fessus
222 1912 270 1972 est
294 1909 422 1991 quidem
446 1909 613 1991 incestum,
636 1909 692 1973 sed
714 1910 881 1991 incertum,
902 1912 1011 1971 utrum
1031 1908 1106 1990 quia

95 2019 206 2078 verum
237 2001 314 2079 erat,
343 2021 384 2061 an
414 1998 490 2080 quia
519 1999 666 2082 graviora
693 1997 865 2081 metuebat,
893 1997 921 2061 si
950 2000 1106 2082 negasset.

55 2110 82 2149 ao
95 2084 265 2149 Fremebat
298 2087 383 2149 enim
415 2085 620 2150 Domitianus
653 2086 882 2169 aestuabatque
917 2087 952 2149 in
983 2086 1107 2171 ingenti

96 2174 216 2238 invidia
245 2174 425 2238 destitutus.
470 2174 569 2258 Nam,
601 2197 673 2239 cum
705 2174 898 2258 Corneliam,
925 2173 1141 2239 Vestaliuma

96 2264 278 2346 maximam,
294 2263 441 2328 defodere
460 2265 566 2328 vivam
582 2264 793 2348 concupisset,
810 2267 848 2327 ut
867 2266 923 2346 qui
942 2264 1107 2327 inlustrari

97 2355 258 2416 saeculum
283 2375 376 2416 suum
400 2354 557 2417 eiusmodi
580 2355 734 2437 exemplis
762 2353 979 2434 arbitraretur,
1001 2353 1107 2434 ponti-

96 2441 166 2504 ficis
180 2443 313 2504 maximi
327 2443 395 2504 iure
410 2463 465 2505 seu
479 2444 588 2525 potius
602 2443 802 2506 immanitate
821 2442 959 2524 tyranni,
977 2441 1107 2504 licentia

56 2553 83 2592 25
99 2529 220 2593 domini
241 2532 383 2613 reliquos
406 2532 574 2614 pontifices
597 2553 663 2594 non
688 2532 722 2593 in
745 2530 889 2615 Regiam,
918 2529 973 2593 sed
996 2530 1030 2591 in
1052 2526 1107 2591 Al-

98 2617 214 2680 banam
237 2621 347 2683 villam
371 2622 566 2683 convocavit.
612 2619 681 2684 Nec
709 2621 831 2682 minore
860 2621 986 2702 scelere,
1010 2640 1107 2700 quam

97 2706 185 2789 quod
212 2708 323 2772 ulcisci
352 2708 528 2791 videbatur,
559 2709 723 2773 absentem
751 2708 991 2791 inauditamque
1022 2706 1108 2770 dam-

96 2797 187 2859 navit
210 2797 332 2880 incesti,
357 2818 430 2861 cum
454 2798 522 2880 ipse
546 2798 655 2861 fratris
678 2798 778 2861 filiam
807 2799 928 2861 incesto
951 2818 1018 2859 non
1039 2796 1108 2879 pol-

97 2886 209 2948 luisset
224 2887 338 2967 solum,
352 2909 462 2949 verum
478 2887 574 2949 etiam
593 2887 774 2969 occidisset;
788 2909 863 2950 nam
877 2886 974 2949 vidua
992 2885 1107 2948 abortu

57 2997 84 3036 1ο
97 2975 201 3056 periit.
238 2973 330 3038 Missi
353 2976 462 3038 statim
481 2975 658 3058 pontifices,
678 2976 734 3058 qui
753 2975 975 3039 defodiendam
994 2994 1108 3037 necan-
1128 2988 1142 3035 7

98 3062 235 3145 damque
259 3067 414 3126 curarent.
459 3062 519 3127 1111
546 3085 631 3127 nunc
657 3064 696 3127 ad
719 3062 865 3147 Vestam,
888 3084 974 3127 nunc
997 3062 1037 3126 ad
1060 3083 1108 3125 ce·

98 3156 183 3215 11111
198 3152 273 3216 deos
293 3174 406 3216 manus
425 3153 557 3216 tendens
573 3154 684 3234 multa,
699 3152 754 3230 sed
771 3153 834 3216 hoc
851 3151 1108 3236 frequentissime

99 3241 297 3304 clamitabat:
330 3240 398 3303 ‘Me
422 3239 537 3305 Caesar
559 3242 713 3305 incestam
736 3245 842 3324 putat,
866 3264 929 3325 qua
952 3262 1041 3306 sacra
1063 3239 1108 3302 fa-

169 3455 185 3501 5
209 3449 292 3503 modo
311 3449 358 3503 hic
378 3453 481 3517 MVs,
499 3451 673 3522 8111191662,
691 3451 737 3505 hic
756 3452 840 3506 modo
858 3454 931 3523 culp.
1022 3455 1055 3503 20
1079 3451 1109 3503 in

100 3519 171 3585 FD,
186 3522 272 3586 KH,
291 3537 342 3575 om.
362 3524 400 3576 M
408 3523 508 3590 Vpro,
523 3523 561 3576 K.
568 3525 592 3577 I.
665 3528 697 3576 21
718 3520 796 3576 Corn.
812 3522 997 3576 maximillam
1015 3524 1109 3576 uesta-

98 3590 155 3644 lem
173 3592 358 3661 FRiccpra.
