2506 3862
350 223 605 280 PANEGYRIOUS
625 231 786 281 ara-94.
797 242 817 281 1.
1025 226 1090 292 379

75 387 162 452 idem
185 387 363 453 honoribus
386 387 505 453 nostn's
529 388 722 474 suffragator
743 389 779 453 in
801 390 897 473 curia,
921 391 955 453 in
978 412 1090 475 campo

73 477 255 564 declarator
282 477 443 542 existeres.
483 475 583 560 Nam,
616 477 703 560 quod
734 479 764 542 11
795 500 855 543 nos
886 480 1127 563 potissimum4

76 566 180 630 mensi
211 566 397 649 attribuisti,
430 588 525 649 quem
557 569 633 630 tuus
664 568 782 631 natalis
815 572 962 652 exornat,
994 590 1091 651 quam

76 653 247 738 pulchrum
270 655 376 720 nobis!
400 655 518 738 quibus
542 655 656 739 edicto,
676 656 793 739 quibus
811 659 993 740 spectaculo
1014 659 1091 722 cele·

34 743 171 810 ,1111111
194 745 361 830 continget
384 744 468 809 diam
490 744 586 808 illum
608 745 731 829 triplici
748 745 866 831 gaudio
885 747 1016 830 laetum3
1036 747 1092 829 qui

77 833 255 917 principem
274 833 409 898 abstulit
426 833 612 917 pessimum,
633 833 720 898 dedit
739 835 908 918 optimum,
926 836 1092 900 meliorem

75 922 201 1006 optimo
230 924 349 1008 genuit.
385 921 455 987 Nos
484 922 543 986 sub
572 923 673 987 oculis
702 923 767 987 tuis
794 925 963 1009 augustior
995 925 1127 990 solitos

77 1031 188 1075 currus
211 1011 356 1095 accipiet,
379 1033 438 1076 nos
462 1011 547 1075 inter
569 1012 708 1076 secunda
731 1012 840 1076 omina
867 1017 900 1077 et
927 1017 1004 1078 vota
1027 1036 1091 1079 cer-

76 1101 188 1184 tantia,
207 1122 288 1183 quae
307 1101 467 1184 praesenti
486 1100 547 1164 tibi
565 1100 777 1184 conferentur,
795 1101 950 1166 vehemur
972 1104 1091 1167 alacres

34 1215 63 1256 11
78 1193 109 1253 et
133 1190 254 1272 incerti,
278 1213 318 1254 ex
340 1193 413 1254 utra
435 1193 525 1273 parte
547 1187 651 1254 maior
673 1189 945 1255 auribusnostris
969 1191 1093 1267 accidat

78 1279 206 1343 clamor.
253 1277 356 1362 Super
392 1279 500 1343 omnia
537 1282 645 1342 tamen
676 1278 925 1362 praedicandum
956 1279 1144 1363 videtur,93

77 1368 164 1451 quod
182 1369 300 1451 pateris
320 1366 467 1433 consules
491 1388 569 1450 esse,
587 1389 668 1450 quos
686 1367 810 1452 fecisti,
828 1369 947 1452 quippe
966 1370 1092 1434 nullum

76 1457 265 1540 periculum,
287 1457 395 1521 nullus
417 1478 456 1520 ex
478 1456 623 1540 principe
641 1460 746 1521 metus
766 1459 948 1523 consulares
967 1459 1093 1523 animos

74 1546 280 1610 debilitates
302 1546 432 1630 frangit,
455 1544 539 1609 nihil
560 1545 672 1610 invitis
700 1546 904 1629 audiendum,
932 1547 1015 1610 nihil
1042 1568 1094 1612 co·

35 1660 64 1701 11
78 1635 158 1699 actis
183 1634 415 1700 decernendum
440 1635 508 1698 erit.
545 1633 655 1698 Manet
673 1635 880 1718 manebitque
903 1635 1094 1701 1101111111-

77 1723 200 1789 neratio
225 1745 295 1805 sua,
313 1745 373 1788 nec
392 1724 596 1788 securitatem
615 1725 806 1788 auctoritate
824 1725 1002 1808 perdemus.
1034 1724 1092 1808 Ac,
1112 1743 1127 1790 2

78 1812 106 1876 si
129 1811 207 1894 quid
229 1811 312 1876 forte
336 1835 376 1876 ex
399 1813 587 1877 consulatus
612 1811 744 1898 fastigio
767 1813 865 1878 fuerit
889 1814 1092 1897 diminutum,

76 1906 188 1966 nostra
210 1901 289 1966 haec
313 1902 373 1965 erit
396 1903 500 1985 culpa,
517 1922 584 1965 non
607 1903 734 1967 saeculi.
766 1902 857 1968 Licet
880 1904 975 1986 enim,
994 1925 1093 1986 quan-

78 1993 148 2053 tum
176 1989 216 2054 ad
242 1991 434 2074 principem,
460 1991 538 2055 licet
565 1991 645 2054 tales
673 1993 820 2056 consules
848 2013 955 2076 agere,
983 1993 1093 2075 quales

39 2105 66 2146 aa
80 2083 155 2143 ante
172 2080 332 2163 principes
352 2082 450 2144 erant.
473 2078 624 2144 Ullamne
642 2079 703 2144 tibi
722 2102 781 2164 pro
799 2080 963 2145 beneficiis
977 2082 1093 2146 referre
1113 2099 1128 2145 3

80 2169 216 2253 gratiam
235 2191 344 2251 parem
363 2169 557 2251 possumus?
580 2169 644 2233 nisi
663 2172 771 2233 tamen
794 2170 893 2253 illam,
913 2174 950 2234 ut
969 2191 1095 2254 semper

78 2279 138 2322 nos
161 2258 402 2322 meminerimus
426 2259 574 2322 consules
596 2257 697 2322 fuisse
720 2261 753 2322 et
780 2260 927 2323 consules
952 2262 1033 2342 tuos,
1058 2282 1094 2323 11

79 2347 262 2431 sentiamus,
286 2369 323 2411 ea
341 2368 535 2430 censeamus,
554 2368 636 2429 quae
654 2348 875 2412 consularibus
895 2347 992 2434 digna
1011 2352 1094 2431 sunt,
1134 2355 1137 2364 “

80 2436 125 2499 ita
147 2457 311 2501 versamur
334 2437 368 2499 in
391 2459 425 2500 re
447 2435 587 2520 publica,
610 2439 647 2499 ut
670 2435 835 2501 credamus
855 2458 923 2501 esse
945 2459 1013 2500 rem
1036 2459 1095 2520 pu·

37 2550 66 2591 as
80 2524 206 2608 blicam,
229 2547 296 2590 non
319 2526 489 2590 consilium
513 2528 669 2607 nostrum,
690 2547 756 2590 non
775 2547 904 2609 operam
928 2525 1129 2589 subtrahe-4
1181 2530 1183 2534 ’

80 2634 151 2677 mus
170 2635 229 2678 nac
248 2613 416 2678 defunctos
434 2636 494 2679 nos
513 2618 545 2678 et
564 2615 656 2696 quasi
675 2614 823 2679 dimissos
842 2615 1019 2697 consulatu,
1039 2614 1094 2678 sed

82 2702 174 2784 quasi
197 2704 345 2768 astrictos
364 2707 396 2768 et
415 2703 579 2768 devinctos
598 2707 749 2787 putemus
769 2703 967 2786 eundemque
985 2703 1093 2767 locum

78 2790 198 2855 laboris
214 2794 245 2855 et
255 2813 348 2855 curae
358 2813 454 2874 quem
468 2794 664 2856 reverentiae
675 2793 906 2878 dignitatisque
920 2796 1093 2857 teneamus.

146 2877 186 2943 In
199 2880 263 2944 fine
278 2881 431 2945 orationis
450 2881 610 2964 praesides
630 2881 842 2964 custodesque
861 2882 988 2965 imperii
1003 2878 1146 2945 divos94

37 2994 68 3035 ‚so
83 2990 142 3054 ego
167 2969 280 3034 consul
302 2991 361 3052 pro
384 2968 479 3034 rebus
504 2970 653 3034 humanis
681 2992 718 3035 ac
741 2974 772 3034 te
796 2972 979 3054 praecipue,
1003 2968 1094 3053 Capi-

83 3059 184 3123 toline
206 3055 359 3141 Iuppiter,
382 3079 503 3141 precor,
526 3061 563 3121 ut
587 3058 750 3123 beneficiis
774 3061 838 3124 tuis
856 3060 964 3124 faveas
982 3060 1094 3123 tantis-

77 3155 144 3229 ‘que
158 3146 344 3211 muneribus
359 3146 456 3210 addas
470 3147 727 3230 perpetuitatem.
754 3146 893 3231 Audisti,
913 3170 994 3232 quae
1007 3149 1093 3212 malo
1113 3165 1128 3212 2

84 3265 297 3272 ——-.—-

152 3328 167 3373 2
186 3321 246 3375 Iam
260 3319 297 3376 K.
304 3323 346 3387 II,
360 3321 462 3375 Baehr.
479 3353 510 3359 -
527 3320 553 3374 ei
567 3338 617 3374 nos
627 3320 762 3389 Schworz,
772 3323 820 3388 K„
830 3323 941 3388 Baehr,
956 3339 1003 3376 eos
1016 3323 1093 3377 codd.

82 3397 114 3445 17
135 3392 236 3446 demin.
251 3393 334 3447 KH
344 3399 406 3458 tac,
420 3393 456 3446 A.
516 3397 548 3444 21
569 3393 680 3445 tantum
695 3393 732 3446 K.
792 3399 826 3446 26
846 3394 993 3448 defunctos
1007 3394 1093 3458 codd,

81 3463 168 3528 KH,
182 3464 293 3531 Baetin,
312 3463 457 3518 deiunctos
472 3463 590 3528 Docta,
605 3463 674 3516 Κλ.
743 3468 777 3517 29
797 3464 875 3518 divos
894 3464 992 3534 (dives)
1007 3465 1094 3530 codd,

81 3534 192 3600 Baetis„
208 3534 274 3588 deos
288 3537 370 3606 culp„
381 3536 418 3589 K.
474 3539 508 3587 32
525 3533 600 3588 malo
614 3533 737 3603 principi
751 3542 808 3589 act.
824 3536 892 3601 edd„
903 3537 972 3601 KJ,
982 3535 1093 3601 Baetin,

80 3605 155 3659 malo
174 3605 301 3674 principe
320 3608 388 3661 mett.
408 3606 494 3672 codd,
513 3622 563 3674 pro
582 3624 618 3660 m.
637 3605 764 3674 principe
784 3607 847 3662 dett.
865 3608 953 3671 codd„
971 3607 1009 3660 K.
1016 3608 1058 3659 Π.
