2506 3862
139 201 205 265 364
578 201 605 256 0.
624 201 723 255 PLINI

140 364 284 428 amarent
315 364 347 429 di
376 365 439 449 quo
468 365 564 429 modo
592 369 636 429 tu.
674 364 774 429 Estne
801 387 925 449 verum,
954 365 1040 447 quod
1069 364 1158 429 inter

140 455 203 517 ista
227 453 448 519 clamavimus:
486 451 528 518 (Ο
547 476 606 518 nos
629 453 777 518 felices'?
810 452 894 528 Quid
917 454 1002 518 enim
1026 454 1156 519 felicius

140 542 243 626 nobis,
267 543 384 626 quibus
406 565 473 607 non
495 544 559 607 iam
583 543 664 607 illud
682 543 857 626 optandum
877 547 934 626 est,
948 546 1063 617 utnoe
1083 542 1158 606 dili-

105 648 120 695 5
140 635 196 718 gat
209 633 367 716 princeps,
378 633 433 696 sed
441 639 476 696 111
489 633 522 695 di
536 654 631 715 quem
646 632 832 696 admodum
846 632 1016 716 princeps?
1031 630 1156 697 Civitas

139 721 351 806 religionibus
383 721 490 785 dedita
527 743 714 805 semperque
752 721 884 784 deorum
916 721 1153 806 indulgentiam
1183 749 1196 789 5

139 810 259 894 pietate
282 812 396 874 merita
422 811 504 874 nihil
527 810 675 874 felicitati
703 833 777 874 suae
805 814 898 893 putat
921 811 1020 874 astrui
1048 832 1156 895 posse,

139 900 204 963 nisi
226 902 262 962 ut
286 899 318 962 di
343 898 508 963 Caesarem
532 899 707 962 imitentur.

89 987 133 1053 75
208 985 270 1052 Sed
293 987 371 1071 quid
394 988 521 1074 singula
545 991 712 1053 consector
734 992 765 1051 et
789 988 929 1073 colligo?
957 989 1049 1071 quasi
1076 1010 1156 1052 vero

140 1081 196 1140 aut
219 1077 363 1141 oratione
386 1078 556 1161 complecti
580 1080 635 1141 aut
658 1078 812 1141 memoria
841 1077 993 1161 consequi
1020 1077 1156 1161 possim,

140 1187 221 1248 quae
243 1188 311 1249 vos,
329 1169 435 1249 patres
457 1166 639 1249 conscripti,
657 1188 697 1229 ne
717 1187 780 1249 qua
798 1166 1002 1249 interciperet
1021 1166 1156 1253 oblivia,
1170 1195 1196 1236 10

140 1259 172 1319 et
194 1256 229 1318 in
253 1254 384 1339 publica
407 1259 477 1319 acta
499 1255 656 1319 mittenda
679 1258 711 1319 et
734 1255 901 1319 incidenda
929 1256 963 1318 in
986 1277 1057 1319 aere
1082 1278 1155 1321 cen-

105 1344 258 1408 2suistis.
299 1343 385 1408 Ante
413 1345 574 1408 crationes
601 1345 784 1428 principum
811 1347 938 1408 tantum
966 1344 1034 1409 eius
1064 1345 1156 1408 modi

140 1453 255 1517 genere
288 1437 569 1498 monumentorum
602 1433 747 1497 mandari
783 1434 964 1497 aeternitati
996 1433 1156 1517 solebant,

140 1520 385 1586 acclamationes
409 1523 537 1605 quidem
561 1525 688 1586 nostrae
707 1520 883 1606 parietibus
902 1523 1009 1588 curiae
1028 1522 1154 1586 claude

139 1609 264 1674 bantur.
301 1610 404 1675 Erant
431 1611 525 1694 enim,
549 1610 664 1694 quibus
692 1632 751 1675 nec
779 1615 907 1675 senatus
935 1612 1066 1697 gloriari
1092 1633 1154 1676 nec
1169 1639 1194 1681 1⁶

104 1700 299 1783 aprincipes
331 1704 471 1784 possent.
521 1699 589 1764 Has
621 1720 696 1764 vero
729 1704 761 1764 et
793 1701 828 1763 in
858 1701 991 1853 vulgust
1004 1701 1090 1765 exire
1121 1705 1155 1765 et

138 1790 316 1872 posterisp
317 1789 388 1853 rodi
406 1810 479 1853 cum
499 1812 538 1852 ex
556 1789 678 1853 utilitat
664 1793 784 1853 tetum
799 1812 839 1853 ex
853 1790 1009 1875 dignitate
958 1789 1155 1873 aepublica

139 1878 211 1961 fuit,
234 1879 373 1962 primum
397 1882 434 1941 ut
420 1878 582 1943 torbist
583 1901 724 1942 errarum
751 1879 839 1962 pieta
820 1879 882 1942 atis
909 1882 1037 1942 nostrae
1064 1879 1155 1943 adhi-

101 1966 269 2031 beretur
230 1971 354 2031 urttes
355 1968 382 2031 is
406 1970 440 2031 et
463 1967 618 2050 conscius,
641 1966 754 2031 deinde
779 1970 817 2030 ut
839 1967 989 2031 manifest
975 1971 1046 2031 tum
1069 1973 1155 2033 esset

140 2055 256 2119 audere
278 2077 337 2119 nos
362 2056 400 2120 de
422 2055 518 2120 bonis
540 2019 696 2139 malisque
719 2055 917 2139 principibus
941 2078 1007 2120 non
1024 2060 1153 2120 tantum
1167 2086 1195 2125 ao

139 2148 214 2227 post
234 2145 322 2229 ipsos
341 2144 491 2228 iudicare,
508 2148 671 2228 postremo
690 2147 726 2207 ut
745 2146 962 2228 experimento
983 2167 1154 2231 cognosce-

138 2237 228 2297 retur
259 2237 291 2297 et
323 2237 396 2298 ante
423 2255 483 2298 nos
511 2237 629 2319 gratos,
657 2235 712 2298 sed
738 2235 872 2298 miseros
898 2235 1006 2317 fuisse,
1035 2235 1154 2317 quibus

104 2340 121 2386 4
140 2345 209 2387 esse
231 2344 290 2386 nos
314 2326 423 2408 gratos
442 2322 577 2405 probare
601 2327 694 2387 antea
711 2343 778 2386 non
795 2322 895 2386 licuit.
932 2322 977 2387 At
996 2345 1060 2407 qua
1079 2345 1153 2388 con-

140 2413 292 2494 tentione,
307 2432 370 2494 quo
385 2411 468 2494 nisu,
487 2410 603 2494 quibus
623 2411 816 2476 clamoribus
836 2413 1075 2495 expostulatum
1094 2416 1154 2497 est,

139 2523 180 2564 ne
196 2501 328 2564 affectus
346 2503 483 2583 nostros,
501 2522 541 2565 ne
562 2504 618 2564 tua
641 2502 755 2564 merita
773 2502 995 2585 supprimeres,
1015 2501 1153 2584 denique
1167 2530 1195 2571 aa

105 2607 121 2654 ὁ
140 2593 177 2653 ut
199 2591 234 2652 in
256 2593 420 2674 posterum
445 2591 591 2673 exemplo
614 2590 811 2673 provideres!
847 2589 982 2654 Discant
1010 2594 1043 2654 et
1064 2591 1152 2674 prin-

140 2679 227 2762 cipes
250 2679 495 2744 acclamationes
514 2700 605 2743 veras
622 2679 783 2762 falsasque
803 2678 981 2744 discernere
998 2678 1153 2744 habeant-

140 2788 201 2849 que
224 2768 365 2831 muneris
388 2768 446 2850 tui,
470 2767 643 2850 quodiam
667 2767 772 2852 decipi
793 2790 860 2832 non
882 2773 1042 2851 poterunt.
1074 2767 1152 2834 Non

139 2856 360 2920 instruendum
379 2857 444 2920 illis
467 2857 528 2921 iter
551 2857 591 2920 ad
613 2856 731 2921 bonam
750 2858 878 2940 famam,
897 2857 953 2922 sed
974 2880 1041 2921 non
1063 2857 1151 2922 dese-

138 2945 282 3028 rendum,
304 2966 371 3008 non
393 2945 610 3010 submovenda
633 2945 785 3030 adulatio,
808 2947 863 3010 sed
885 2968 952 3010 non
971 2946 1151 3012 reducenda
1166 2974 1195 3014 so

139 3037 196 3097 est.
228 3031 357 3097 Certum
376 3038 432 3117 est,
452 3039 484 3098 et
503 3057 584 3118 quae
602 3034 706 3098 facere
725 3038 757 3098 et
777 3057 858 3118 quae
877 3035 1013 3100 debeant
1032 3035 1151 3120 audire,

104 3123 167 3186 csi
190 3123 318 3187 faciant
361 3120 445 3196 Quid
471 3144 558 3187 nunc
585 3145 645 3209 ego
674 3146 769 3208 super
796 3147 841 3207 ea,
869 3146 949 3208 quae
977 3147 1048 3189 sum
1076 3146 1151 3189 cum

140 3215 210 3275 toto
234 3215 346 3275 senatu
365 3216 521 3295 precatus,
540 3234 599 3296 pro
619 3216 732 3276 senatu
749 3234 868 3297 precer,
886 3215 949 3278 nisi
967 3218 1004 3277 ut
1020 3213 1152 3280 haereat

139 3302 246 3364 animo
269 3304 326 3364 tuo
351 3300 513 3384 gaudium,
537 3301 659 3384 quodt
660 3323 723 3366 unc
746 3303 847 3368 oculis
866 3307 940 3386 prot
926 3303 1040 3386 tulisti,
1063 3325 1152 3368 ames

192 3518 208 3565 4
230 3514 265 3567 ut
282 3515 352 3570 add.
373 3515 413 3571 K.
419 3517 464 3588 II,
485 3515 591 3572 Baehr.
664 3519 701 3568 ia
722 3513 796 3567 Ante
810 3515 843 3567 te
864 3514 935 3567 coni.
952 3514 1115 3579 Kettprob.

101 3582 227 3637 221nr's.
253 3603 303 3642 eos
325 3590 439 3649 Baete.
519 3595 552 3647 29
575 3585 740 3645 struent?
