2506 3862
425 207 683 264 EPISTULARUM
701 208 726 260 H
745 213 822 262 3-6.

606 376 641 433 V.

367 476 395 524 C.
419 476 557 524 PLINIUS
582 476 742 525 LUPERCO
767 477 832 525 SUO
857 477 882 525 S.

182 563 355 630 Actionem
380 570 411 631 et
435 589 453 630 a
476 571 507 631 te
533 567 718 649 frequenter
745 567 953 653 efflagitatam
982 572 1014 632 et
1037 591 1056 632 a
1078 585 1163 632 mel

117 677 211 739 saepe
239 656 431 739 promissam
459 656 591 720 exhibui
618 656 687 740 tibi,
715 656 858 720 nondum
881 660 990 720 tamen
1013 660 1129 743 totam3

89 744 222 810 aadhuc
246 745 332 808 enim
355 767 428 826 pars
452 745 520 809 eius
544 746 731 829 perpolitur.
768 742 910 829 Interim,
935 767 1016 829 quae
1039 746 1129 810 abso·
1149 762 1164 808 2

115 834 235 897 lutiora
258 832 339 896 mihi
362 833 561 913 videbantur,
585 856 651 898 non
675 833 738 899 fuit
766 834 906 898 alienum
930 835 1048 900 iudicio
1072 838 1129 899 tuo

117 922 209 986 tradi¹
245 921 306 986 His
325 927 460 1008 turego
479 923 691 987 intentionem
710 923 880 987 scribentis
898 924 1128 988 accommodes.

116 1009 211 1075 Nihil
240 1012 325 1075 enim
356 1011 460 1076 adhuc
489 1013 574 1076 inter
603 1033 716 1076 manus
746 1011 859 1095 habui,
895 1012 946 1076 cui
976 1013 1130 1077 maiorem

117 1100 368 1164 sollicitudinem
386 1104 547 1184 praestare
563 1100 718 1165 deberem.
743 1098 827 1165 Nam
847 1102 881 1164 in
899 1102 1013 1165 ceteris
1031 1103 1129 1167 actio·
1149 1118 1165 1164 3

76 1217 102 1257 ιο
117 1189 212 1252 nibus
232 1190 463 1254 existimationi
481 1189 649 1254 hominurn
669 1189 836 1275 diligentia
854 1193 981 1255 tantum
1000 1195 1032 1254 et
1050 1190 1130 1255 fides

117 1282 236 1361 nostra,
259 1279 293 1342 in
315 1277 376 1342 hac
399 1279 495 1342 etiam
524 1280 626 1362 pietas
655 1278 837 1343 subicietur.
883 1277 960 1344 Inde
989 1283 1021 1343 et
1048 1279 1130 1343 liber

117 1368 230 1450 crevit,
258 1366 335 1431 dum
363 1389 474 1432 ornare
502 1369 638 1452 patriam
668 1372 700 1432 et
727 1368 922 1451 amplificare
953 1369 1128 1455 gaudemus

117 1456 300 1540 pariterque
328 1460 360 1520 et
388 1456 566 1520 defensioni
589 1458 657 1521 eius
681 1458 836 1521 servimus
863 1461 895 1522 et
919 1458 1048 1544 gloriae.
1080 1456 1166 1520 Tur

117 1547 227 1609 tamen
249 1543 328 1609 haec
351 1546 429 1628 ipsa,
449 1549 605 1629 quantum
624 1547 706 1610 ratio
726 1546 876 1632 exegerit,
898 1568 1013 1612 reseca.
1047 1544 1130 1622 Quo-

78 1661 103 1701 ia
118 1635 202 1698 tiens
221 1635 306 1698 enim
326 1635 365 1698 ad
383 1634 549 1698 fastidium
572 1635 749 1721 legentium
768 1634 961 1717 deliciasque
984 1636 1131 1717 respicio,

118 1723 272 1809 intellego
302 1723 396 1787 nobis
420 1724 730 1788 commendationem
754 1727 786 1786 et
809 1746 848 1787 ex
870 1724 942 1806 ipsa
964 1723 1130 1787 mediocri-

118 1815 184 1875 tate
212 1812 287 1875 libri
314 1812 493 1896 petendam.
538 1810 627 1876 ldem
654 1816 771 1897 tamen,
795 1812 851 1894 qui
874 1833 893 1874 a
915 1815 947 1877 te
969 1810 1054 1876 hanc
1077 1829 1165 1876 au-fi

120 1901 296 1965 steritatem
321 1902 429 1987 exigo,
452 1922 551 1986 cogor
574 1901 620 1983 id,
644 1901 730 1984 quod
753 1900 914 1964 diversum
937 1904 998 1984 est,
1020 1904 1130 1984 postu-

119 1988 202 2073 lare,
232 1994 270 2054 ut
300 1990 335 2052 in
367 1990 528 2073 plerisque
559 1991 699 2054 frontem
730 1990 883 2054 remittas.
931 1987 1013 2055 Sunt
1045 1991 1130 2054 enim

78 2106 105 2145 1ο
121 2079 276 2160 quaedam
305 2078 557 2143 adulescentium
585 2079 716 2143 auribus
744 2080 859 2162 danda,
886 2080 1073 2162 praesertim
1104 2079 1131 2142 si

120 2168 254 2232 materia
287 2189 352 2231 non
387 2168 577 2254 refragetur,
607 2190 681 2232 nam
715 2167 944 2251 descriptiones
975 2169 1131 2250 locorum,

120 2277 200 2339 quae
228 2258 263 2320 in
289 2256 352 2323 hoc
379 2257 463 2321 libro
491 2258 724 2341 frequentiores
752 2261 858 2340 erunt,
885 2278 951 2321 non
977 2257 1130 2321 historice

119 2349 255 2428 tantum,
279 2345 336 2410 sed
358 2367 459 2430 prope
481 2348 606 2430 poetice
629 2346 780 2430 prosequi
803 2346 852 2410 fas
875 2350 931 2409 est.
970 2343 1062 2421 Quod
1085 2349 1166 2409 tac

120 2455 194 2498 men
226 2435 254 2498 si
287 2435 358 2518 quis
391 2435 533 2499 extiterit
565 2435 621 2519 qui
652 2437 745 2517 putet
776 2456 835 2498 nos
864 2435 979 2498 laetius
1008 2433 1131 2515 fecisse,

78 2550 106 2590 aa
122 2543 219 2605 quam
243 2524 397 2588 orationis
421 2525 571 2588 severitas
595 2523 711 2608 exigat,
733 2523 838 2606 huius,
861 2527 898 2586 ut
920 2523 965 2585 ita
988 2522 1131 2606 dixerim,

121 2611 287 2676 tristitiam
319 2613 461 2696 reliquae
492 2618 599 2696 partes
632 2613 767 2676 actionis
799 2633 930 2676 exorare
962 2610 1131 2675 debebunt.

119 2698 237 2764 Adnisi
260 2705 346 2766 certe
369 2723 488 2785 sumus,
506 2705 543 2766 ut
562 2701 739 2785 quamlibet
758 2701 881 2764 diversa
900 2720 1017 2784 genera
1034 2701 1131 2765 lecto·

120 2812 193 2852 rum
221 2811 278 2873 per
305 2790 413 2874 plures
442 2790 567 2854 dicendi
595 2791 716 2874 species
744 2793 937 2872 teneremus,
968 2811 1017 2872 ac,
1048 2789 1166 2854 sicuti

120 2900 281 2961 veremur,
307 2900 348 2943 ne
376 2879 567 2962 quibusdam
595 2901 668 2963 pars
698 2879 805 2961 aliqua
835 2879 1009 2943 secundum
1040 2900 1130 2942 suam

78 2993 106 3034 ao
121 2967 275 3050 cuiusque
293 2971 440 3032 naturam
458 2990 525 3032 non
543 2969 705 3052 probetur,
718 2969 764 3031 ita
783 2966 927 3032 videmur
944 2989 1038 3050 posse
1057 2988 1131 3032 con-

120 3055 227 3139 fidere,
245 3060 283 3119 ut
300 3057 542 3122 universitatem
562 3057 709 3121 omnibus
728 3058 864 3121 varietas
882 3057 954 3140 ipsa
971 3077 1130 3122 commen·
1223 3124 1225 3129 ⁴

121 3143 182 3209 det.
228 3141 313 3209 Nam
337 3149 369 3209 et
391 3146 571 3210 iuratione
595 3146 828 3229 conviviorum,
855 3146 1000 3230 quamvis
1023 3167 1042 3208 a
1064 3145 1130 3228 ple·
1150 3160 1165 3208 8

120 3233 227 3316 risque
256 3234 336 3299 cibis
364 3234 483 3320 singuli
509 3239 733 3317 temperemus,
759 3239 861 3300 totam
889 3239 997 3299 tamen
1020 3254 1131 3298 cenam

119 3323 250 3387 laudare
270 3344 380 3387 omnes
399 3324 548 3409 solemus,
566 3343 625 3388 nec
644 3345 689 3408 ea,
709 3344 792 3407 quae
815 3324 998 3389 stomachus
1021 3325 1131 3386 noster

79 3437 106 3478 ss
120 3416 255 3496 recusat,
278 3411 423 3477 adimunt
446 3412 582 3498 gratiam
605 3413 679 3495 illis,
702 3413 818 3496 quibus
845 3413 976 3498 capitur.
1022 3408 1131 3494 Atque
1150 3427 1165 3474 c

194 3591 227 3640 ia
246 3601 301 3655 que
318 3588 426 3656 Fpra,
448 3587 508 3643 Ouo
521 3591 585 3656 297,
604 3604 654 3643 om.
676 3589 712 3644 M
720 3588 789 3657 VD,
809 3587 849 3644 K.

175 3684 246 3725 Pam
256 3684 400 3727 Hermum,
979 3679 1001 3726 ’ὸ
