2506 3862
422 205 681 261 EPISTULARUM
698 206 738 260 ΠΙ
756 211 782 275 5,
801 212 825 260 6.
1088 206 1130 270 63

117 371 251 458 xaginta
265 369 347 435 mihi
360 370 492 454 reliquit
507 369 777 456 opisthographos
792 355 921 454 dnidem
936 374 968 434 et
986 370 1132 434 minutis-

117 460 198 525 sime
222 460 372 545 scriptos3
400 481 463 543 qua
485 460 609 523 ratione
639 459 874 543 multiplicatur
895 459 950 524 hic
971 481 1132 523 numerus.

116 549 291 620 Referebat
309 549 377 632 ipse
395 549 539 632 potuisse
558 570 601 631 se,
619 569 693 612 oum
711 552 897 632 procuraret
914 548 949 612 in
966 547 1133 632 Hispania,

116 639 254 703 vendere
277 639 337 702 hos
361 637 608 703 commentarios
626 637 739 702 Larcio
758 637 871 702 Licino
891 637 1132 722 quadringentis

90 728 250 797 amilibus
272 743 455 810 nummum,
483 730 516 791 et
543 730 620 791 tunc
647 727 813 810 aliquanto
841 727 1006 810 pauciores
1034 729 1133 790 erant.

116 814 235 881 Nonne
257 816 385 884 videtur
407 817 468 881 tibi
490 815 679 898 recordanti,
710 820 865 899 quantum
888 816 1012 902 legerit,
1035 837 1134 898 quan·
1153 834 1185 884 18

117 910 189 971 tum
210 905 382 989 scripserit,
399 927 459 969 nec
477 905 511 969 in
530 904 646 969 officiis
665 905 740 969 ullis
758 927 818 970 nec
835 904 871 969 in
888 905 1030 970 amicitia
1048 905 1134 988 prin-

118 995 199 1080 cipis
228 995 344 1078 fuisse,
372 1016 495 1078 rursus,
528 1015 601 1059 cum
625 994 729 1078 audis,
762 994 839 1078 quid
869 993 983 1058 studiis
1012 995 1133 1058 laboris

117 1083 314 1168 inpenderit,
340 1106 400 1148 nec
427 1083 591 1167 scripsisse
615 1083 691 1147 satis
714 1105 774 1148 nec
795 1083 932 1169 legisse?
978 1082 1063 1159 Quid
1086 1088 1134 1148 est

77 1201 104 1241 ro
119 1175 215 1257 onim,
234 1173 320 1256 quod
337 1195 404 1237 non
422 1176 479 1236 aut
496 1173 570 1236 illae
589 1172 814 1256 occupationes
828 1172 971 1256 inpedire
985 1176 1042 1236 ant
1055 1172 1134 1238 haec

117 1263 273 1327 instantia
295 1283 361 1326 non
382 1262 486 1346 possit
509 1261 656 1326 efficere?
678 1259 792 1344 Itaque
815 1262 902 1326 soleo
925 1262 1037 1346 ridere,
1060 1280 1186 1329 cum19

118 1374 170 1417 me
199 1351 329 1434 quidam
357 1350 537 1414 studiosum
565 1354 695 1434 vocant,
728 1351 797 1434 qni,
830 1350 857 1414 si
880 1373 1046 1436 comparer
1076 1351 1134 1434 illi,

119 1463 191 1509 sum
215 1440 490 1505 desidiosissimos.
520 1438 592 1526 Ego
616 1443 723 1504 autem
742 1443 878 1523 tantum,
902 1462 997 1524 quem
1015 1441 1134 1525 partim

119 1528 399 1614 publiea,pa1tim
422 1529 599 1593 amicorum
624 1529 730 1594 officia
753 1528 975 1614 distringunt?
999 1530 1071 1613 quis
1095 1552 1134 1594 ex

79 1645 105 1686 1⁵
119 1620 205 1702 istis,
237 1619 293 1701 qui
316 1622 385 1683 tota
408 1618 475 1683 vita
497 1618 614 1682 litteris
642 1618 802 1701 adsident,
834 1620 969 1683 collatus
997 1619 1046 1683 illi
1068 1641 1135 1683 non

121 1708 212 1791 quasi
236 1729 349 1772 somno
373 1710 405 1771 et
428 1707 562 1771 inertiae
586 1707 711 1771 deditus
735 1707 921 1772 erubescat?

186 1796 327 1861 Extendi
350 1797 535 1880 epistulam,
563 1817 636 1861 cum
659 1796 721 1861 hoc
745 1797 864 1878 solum,
888 1794 974 1879 quod
996 1795 1134 1878 require·
1153 1813 1189 1862 20

120 1886 186 1964 bas,
210 1885 347 1951 scribere
371 1885 590 1968 destinassem,
612 1906 693 1967 quos
715 1885 816 1949 libros
839 1884 1032 1969 reliquisset,
1061 1906 1136 1950 con·

120 1974 185 2038 fido
216 1978 325 2039 tamen
353 1973 433 2040 haec
456 1995 584 2057 quoqne
614 1974 675 2038 tibi
701 1996 768 2038 non
790 1974 897 2038 minus
924 1977 1015 2060 grata
1038 1996 1135 2058 qnam

80 2089 107 2130 ao
120 2063 208 2148 ipsos
236 2063 337 2128 libros
359 2064 481 2148 futura,
509 2084 590 2145 quae
618 2066 650 2127 te
677 2085 743 2128 non
770 2067 898 2128 tantum
920 2063 961 2127 ad
982 2063 1135 2150 legendos

122 2175 190 2236 eos,
217 2175 328 2217 verum
352 2153 449 2218 etiam
472 2152 513 2216 ad
536 2151 641 2216 simile
668 2153 790 2236 aliquid
813 2152 1041 2217 elaborandum
1064 2174 1136 2237 pos-

73 2290 75 2294 ·
122 2246 197 2306 sunt
220 2242 443 2306 aemulationis
467 2241 606 2306 stimulis
630 2242 776 2307 excitare.
802 2241 911 2306 vVale.

603 2407 655 2465 VI.

319 2508 347 2555 c.
370 2507 508 2555 PLINIUS
532 2507 640 2555 anulo
666 2507 799 2556 savaao
824 2507 889 2555 suo
914 2507 940 2554 s.

82 2623 108 2664 rs
190 2594 242 2659 Ex
272 2597 461 2681 hereditate,
494 2620 574 2682 quae
606 2598 689 2662 mihi
721 2597 865 2681 obvenit,
897 2597 961 2661 emi
989 2597 1169 2680 proxime1

124 2683 326 2750 Corinthium
350 2688 478 2773 signum
501 2686 663 2752 modicum
688 2686 833 2770 quidem,
856 2686 911 2751 sed
928 2685 1080 2752 festivum
1104 2690 1136 2750 et

123 2795 322 2859 expressum,
345 2780 501 2860 quantum
529 2797 588 2861 ego
613 2777 716 2860 sapio,
749 2775 806 2859 qui
827 2776 963 2840 fortasse
990 2775 1024 2839 in
1048 2777 1136 2839 omni

122 2886 170 2948 re,
197 2864 232 2927 in
254 2863 315 2929 hac
338 2869 423 2930 certe
445 2886 600 2948 perquam
628 2865 780 2951 exiguum
808 2864 911 2950 sapio;
943 2864 1006 2930 hoc
1028 2868 1137 2930 tamen

124 2953 252 3039 signum
276 2974 336 3040 ego
361 2976 488 3037 quoque
516 2954 678 3041 intellego.
727 2953 788 3018 Est
815 2954 901 3018 enim
927 2954 1050 3017 nudum
1078 2973 1171 3020 neca

84 3066 110 3107 so
124 3046 180 3106 ant
202 3043 290 3126 vitia,
314 3043 422 3126 siqua
446 3046 530 3126 sunt,
553 3043 635 3108 celat
653 3047 709 3107 aut
726 3042 836 3108 laudes
855 3065 968 3127 parum
988 3046 1136 3107 ostentat.

124 3129 262 3217 Effingit
286 3153 393 3196 senem
422 3135 573 3216 stantem3
606 3154 691 3216 ossa,
718 3133 869 3217 musculi,
896 3133 1000 3215 nervi,
1029 3154 1137 3215 venae,

124 3241 223 3306 rugae
247 3221 343 3285 etiam
367 3224 404 3285 nt
427 3221 577 3304 spirantis
600 3225 764 3306 apparent,
786 3222 850 3285 rari
872 3226 904 3286 et
922 3221 1069 3287 cedentes
1089 3242 1136 3284 oa-

123 3309 204 3392 pilli,
226 3309 295 3397 lata
313 3310 412 3393 frons,
436 3313 599 3375 contracta
616 3310 723 3395 facies,
746 3312 828 3375 exile
847 3311 975 3395 collum,
997 3310 1138 3394 pendent

156 3590 161 3601 .
195 3525 213 3573 4
229 3519 329 3575 Lml'0
340 3537 373 3590 1),
396 3519 458 3578 Otto
470 3525 536 3594 298,
554 3521 641 3582 lartio
661 3525 731 3620 Fu,
745 3523 871 3583 Laertio
890 3517 1050 3590 r,Lars,'xo
1067 3509 1183 3567 mul)

114 3589 198 3653 aaa,
217 3589 274 3656 Kc
291 3608 314 3649 r.
326 3609 361 3661 a.
376 3597 419 3652 aa
431 3599 477 3654 30.
