2506 3862
394 234 648 295 enunciamus
668 240 860 291 tle-ota.
1070 237 1135 301 353

125 422 206 483 quos
229 421 286 464 vos
317 398 492 485 elegeratis,
521 403 553 462 et
574 399 651 463 fecit
678 399 741 463 hoc
765 400 883 483 ordine,
911 421 974 482 quo
1001 401 1094 465 electi
1117 423 1135 464 a

124 489 216 553 vobis
235 492 333 553 erant.
359 487 496 574 Magnus
515 492 649 571 uterque
667 487 772 552 honor
790 493 901 573 vester,
922 490 988 552 sive
1006 490 1134 553 eosdem
1154 506 1170 554 6

116 578 263 642 maxime
291 577 406 663 diligit,
434 599 514 660 quos
542 578 602 641 scit
629 578 721 642 vobis
750 599 817 642 esse
847 579 1036 661 carissimos,
1069 579 1135 643 sive

124 666 189 735 illis
211 667 372 731 neminem
396 667 543 749 praefert,
569 667 715 750 quamvis
743 668 883 750 aliquem
911 668 1013 752 magis
1041 672 1134 731 amet,

97 756 294 838 rProposita
318 760 393 819 sunt
416 756 594 819 senioribus
618 756 768 840 praemia,
786 755 956 820 iuvenibus
979 755 1169 839 exemplar

123 844 259 928 Adeunt,
279 845 483 927 frequentent
502 866 627 909 securas
646 846 775 926 tandem
794 867 830 909 ac
848 849 993 928 patentes
1013 845 1134 910 domos.

123 933 274 1017 Quisquis
302 934 455 1018 probatos
485 935 610 997 senatui
636 935 723 998 viros
752 935 894 1018 suscipit,
920 933 972 998 hic
995 935 1134 998 maxime

123 1024 299 1106 principem
333 1026 540 1106 promeretur.
592 1021 661 1088 Sibi
697 1024 783 1087 enim
819 1044 997 1088 accrescere
1033 1027 1168 1106 putat,8

124 1112 210 1195 quod
225 1113 339 1195 cuique
359 1112 549 1193 adstruatur,
565 1113 751 1196 nullamque
769 1114 804 1175 in
822 1135 859 1183 eo
879 1113 1014 1198 gloriam
1033 1114 1134 1196 ponit,

83 1225 109 1266 ιο
124 1200 211 1284 quod
233 1203 275 1265 sit
298 1201 448 1284 omnibus
477 1202 588 1283 maior,
611 1202 674 1264 nisi
700 1202 833 1265 maximi
860 1202 990 1284 fuerint,
1017 1202 1134 1284 quibus

123 1291 226 1355 maior
253 1296 309 1355 est.
356 1289 476 1373 Persta,
509 1287 633 1374 Caesar,
663 1291 698 1354 in
727 1291 789 1354 ista
817 1291 942 1355 ratione
975 1292 1168 1374 propositio

121 1379 265 1463 talesque
292 1400 351 1444 nos
381 1380 481 1461 crede,
509 1380 613 1461 qualis
642 1379 728 1443 fama
760 1380 914 1462 cuiusque
947 1384 1002 1444 est.
1047 1379 1134 1445 Huic

122 1491 223 1551 aures,
245 1469 322 1533 huic
345 1469 455 1532 oculos
479 1469 623 1552 intende3
646 1491 687 1532 ne
714 1470 891 1551 respexeris
920 1470 1133 1534 clandestinas
1158 1536 1160 1540 ,

122 1558 374 1621 existimationes
398 1558 560 1640 nullisque
583 1558 686 1642 magis
711 1580 807 1640 quam
831 1558 1034 1622 audientibus
1057 1560 1133 1622 insi-

81 1671 107 1712 n
121 1647 245 1710 diantes
269 1667 424 1710 susurros.
461 1646 577 1710 Melius
606 1646 755 1710 omnibus
779 1668 875 1729 quam
904 1648 1039 1733 singulis
1069 1668 1134 1711 cre·

121 1737 216 1799 ditur.
255 1734 381 1821 Singuli
405 1736 490 1800 enim
514 1735 659 1818 decipere
683 1739 715 1801 et
739 1736 841 1818 decipi
870 1740 1014 1819 possunt,
1037 1758 1132 1800 nemo

121 1847 240 1907 omnes,
264 1825 424 1889 neminem
448 1846 558 1889 omnes
581 1825 762 1889 fefellerint.

187 1914 375 1978 Praevertor
410 1915 472 1977 iam
506 1913 552 1977 ad
589 1916 790 1978 consulatum
822 1918 928 1996 tuum,
965 1914 1025 1977 etsi
1058 1913 1183 1980 sunt63

121 2004 276 2086 quaedam
301 2003 340 2066 ad
364 2004 565 2067 consulatum
590 2003 718 2086 quidem
742 2003 943 2086 pertinentia,
962 2006 1036 2066 ante
1060 2024 1131 2066 con-

79 2115 107 2156 11
121 2095 261 2156 sulatum
285 2097 402 2176 tamen,
426 2093 460 2155 in
478 2092 590 2174 primis
609 2091 695 2173 quod
714 2091 853 2156 comitiis
872 2092 936 2155 tuis
955 2091 1133 2156 interfuisti
1179 2144 1181 2148 .

121 2181 307 2246 candidatus
334 2203 401 2245 non
429 2183 614 2263 consulatus
643 2185 780 2263 tantum,
803 2182 858 2245 sed
880 2181 1131 2245 immortalitatis

120 2275 153 2334 et
171 2271 292 2356 gloriae
312 2275 344 2335 et
363 2269 511 2354 exempli,
535 2270 621 2353 quod
640 2274 848 2352 sequerentur
865 2271 1026 2353 principes
1046 2269 1131 2352 boni,

120 2361 197 2423 mali
224 2361 422 2424 mirarentur.
474 2357 566 2423 Vidit
593 2362 626 2423 te
653 2361 793 2442 populus
819 2358 984 2423 Romanus
1016 2359 1051 2421 in
1075 2358 1165 2423 illan

119 2452 226 2514 vetere
248 2450 418 2532 potestatis
441 2470 516 2512 suae
540 2449 626 2532 sede;
649 2470 818 2532 perpessus
842 2470 874 2512 es
897 2448 1031 2532 longum
1050 2447 1131 2510 illud

78 2559 105 2601 as
120 2559 248 2602 carmen
276 2539 480 2603 comitiorum
510 2559 569 2602 neo
596 2538 660 2601 iam
687 2537 880 2601 irridendam
905 2558 1028 2600 moram
1057 2557 1130 2600 con-

120 2628 234 2709 sulque
257 2627 303 2691 sic
324 2627 429 2691 factus
452 2648 485 2691 es
509 2630 545 2690 ut
568 2649 651 2689 unus
673 2648 712 2690 ex
734 2626 836 2708 nobis,
855 2647 936 2708 quos
954 2625 1033 2688 iacis
1057 2646 1132 2690 con-

120 2714 213 2779 sules.
251 2713 375 2790 Quotus
398 2717 533 2798 quisque
557 2716 739 2798 principum
758 2715 1013 2778 antecedentium
1030 2714 1129 2777 hono·
1149 2731 1164 2779 3

118 2826 187 2868 rem
215 2805 312 2867 istum
345 2807 400 2867 aut
431 2805 612 2868 consulatui
638 2803 752 2868 habuit
782 2808 837 2867 aut
867 2803 1009 2886 populo?
1054 2800 1130 2867 Non

119 2893 175 2957 alii
202 2892 335 2956 marcidi
363 2914 476 2957 somno
503 2893 715 2976 hesternaque
743 2914 820 2956 cena
842 2891 1055 2956 redundantes
1079 2913 1130 2956 co-

78 2983 283 3046 comitiorum
308 3003 438 3045 suorum
461 2983 592 3046 nuntios
617 2981 874 3065 opperiebantur,
893 2981 948 3044 alii
967 3003 1041 3045 sane
1060 3003 1128 3064 per·

119 3073 232 3158 vigiles
260 3074 293 3134 et
319 3070 495 3153 insomnes,
525 3071 581 3134 sed
608 3071 692 3134 intra
721 3070 840 3133 cubilia
870 3091 926 3134 sua
955 3071 1020 3134 illis
1050 3070 1128 3153 ipsis

120 3160 315 3242 consulibus,
338 3183 357 3222 a
380 3158 495 3242 quibus
519 3161 667 3223 consules
687 3159 962 3243 renuntiabantur,
982 3159 1079 3230 exilia
1097 3162 1129 3222 et

189 3341 205 3387 2
233 3334 332 3404 utique
355 3335 447 3403 Ilipa,
470 3335 539 3388 K.I.
631 3338 645 3385 ἵ
675 3333 793 3403 suspicit
816 3334 924 3401 Incia,
948 3336 999 3399 K„
1026 3333 1127 3387 Boebr.
1158 3399 1161 3407 ,

124 3407 154 3460 V.
173 3406 307 3473 Schwarz,
326 3407 473 3474 Hofmaaa
493 3405 547 3460 Cio.
568 3421 608 3473 ep.
627 3406 672 3459 sel.
688 3406 1020 3473 V20(fom.X11)1ea.
1094 3406 1126 3456 1‘1

118 3475 271 3531 fefellerint
290 3479 441 3532 ‘maluisset
458 3477 551 3548 lepero’
571 3476 707 3543 Schwarz,
724 3493 778 3531 scr.
794 3479 832 3532 K.
840 3479 883 3543 Π,
896 3477 989 3529 Beata
996 3513 1015 3536 .,
1023 3474 1141 3522 teneme-

115 3550 275 3615 nmtcodd,
286 3551 357 3620 culp.
414 3553 447 3604 18
462 3548 600 3606 Revertor
615 3549 872 3616 dett.eodd.,K.1.
892 3545 981 3598 KH
996 3539 1066 3601 effi
1081 3536 1171 3583 Μ·

108 3623 144 3668 22
161 3619 247 3686 filiam.
264 3619 336 3688 glor,
353 3623 470 3693 Baelo„
486 3625 582 3681 etiam
596 3627 627 3682 et
643 3623 684 3698 gl.
699 3624 779 3680 cont.
794 3621 837 3675 K.
891 3609 1079 3666 ‘hadamar
1091 3590 1208 3693 Ab}

147 3714 223 3755 Pam
235 3717 392 3764 Ermwnu.
944 3713 945 3717 ’
998 3693 1045 3741 ‘²3’
