2506 3862
436 210 693 267 EPISTULARUM
710 211 736 266 V
754 217 779 280 3,
798 219 822 268 4.
1071 214 1134 279 115

124 375 217 439 ctitas
236 396 363 439 morum
382 396 448 438 non
467 375 564 439 distat
583 375 756 440 ordinibus.
784 375 898 441 Recito
917 381 1034 463 temen,
1049 379 1136 461 quod
1173 396 1188 444 7

122 465 173 528 illi
200 487 242 528 an
266 465 414 549 fecerint,
442 466 558 529 nescio.
604 464 727 550 Etiam,
755 466 811 530 sed
843 467 892 530 illi
924 467 1042 531 iudicio
1075 488 1133 532 suo

120 557 272 637 poterant
295 574 364 618 esse
387 555 539 635 contenti,
566 554 648 617 mihi
669 554 847 620 modestior
874 558 1054 620 constantia
1078 560 1135 640 est,

122 664 220 726 quam
243 645 280 706 ut
303 643 380 706 satis
404 642 586 707 absolutum
610 647 729 727 putem,
751 645 875 727 quoda
897 667 950 709 me
972 645 1134 729 probetur.

93 729 235 814 altaque
257 731 316 796 has
338 732 493 795 recitandi
517 753 627 797 causas
650 754 775 816 sequor,
792 735 933 817 primum
952 734 1039 816 quod
1057 736 1134 818 ipse,
1171 750 1186 798 8

122 822 179 904 qui
210 821 337 903 recitat,
370 822 534 903 aliquanto
563 823 667 886 acrius
698 823 824 906 scriptis
855 824 921 888 suis
951 823 1134 886 auditorum

120 910 300 974 reverentia
327 909 478 993 intendit,
511 910 625 975 deinde
658 911 757 994 quod,
785 912 823 976 de
852 912 968 996 quibus
1000 912 1134 997 dubitat,

122 999 216 1083 qnasi
248 1020 288 1063 ex
321 1000 448 1063 consilii
480 1001 638 1064 sententie
670 1002 791 1064 statuit.
845 1000 949 1065 Multa
986 1003 1082 1065 etiam
1116 1025 1134 1065 e
1171 1018 1186 1065 9

122 1088 234 1152 multis
257 1087 448 1153 admonetur
470 1093 511 1171 et,
530 1091 557 1153 si
579 1110 645 1152 non
666 1088 884 1173 admoneatur,
903 1090 980 1173 quid
1000 1092 1134 1174 quisque

79 1203 106 1243 so
122 1178 248 1260 sentiat,
279 1179 433 1261 perspicit
464 1200 504 1242 ex
526 1179 627 1262 uiltu,
660 1179 771 1262 oculis,
798 1183 887 1263 nutu,
916 1203 1021 1263 manu,
1049 1203 1134 1244 mnr-

121 1288 221 1348 mure,
251 1267 393 1349 silenti03
424 1288 504 1349 quae
535 1269 613 1332 satis
644 1269 761 1351 apertis
791 1271 877 1333 notis
908 1268 1062 1333 iudicium
1093 1270 1133 1333 ab

121 1355 321 1419 humanitate
341 1355 532 1420 discernunt.
563 1355 673 1440 Atque
691 1356 779 1441 adeo,
796 1359 822 1422 si
842 1360 894 1421 cui
910 1358 994 1422 forte
1013 1379 1133 1441 eorum,
1153 1375 1185 1423 10

123 1445 179 1526 qui
202 1445 424 1528 interfuerunt,
449 1466 542 1510 curae
566 1445 664 1510 fuerit
687 1446 797 1510 eadem
820 1447 877 1510 illa
898 1448 1018 1532 legere,
1041 1449 1133 1512 intel-

121 1534 208 1619 leget
239 1556 290 1597 me
323 1533 479 1616 quaedam
511 1539 567 1599 aut
599 1538 812 1599 commutasse
844 1538 900 1599 aut
935 1538 1133 1620 praeterisse,

77 1647 107 1689 rs
121 1622 258 1686 fortasse
294 1624 391 1687 etiam
428 1645 468 1686 ex
505 1645 562 1688 suo
600 1624 728 1707 iudicio,
764 1626 910 1707 quamvis
946 1627 1015 1708 ipse
1050 1626 1133 1689 nihil

122 1710 240 1775 dixerit
262 1712 350 1776 mihi.
373 1710 504 1796 'Atque
526 1713 606 1777 haec
628 1715 673 1776 ita
697 1712 835 1797 disputo,
861 1715 953 1797 quasi
975 1715 1131 1797 populum
1152 1731 1182 1778 11

122 1802 157 1864 in
184 1800 391 1885 auditorium,
418 1823 485 1866 non
512 1803 546 1865 in
573 1802 756 1866 cubiculum
789 1804 909 1867 amicos
941 1803 1132 1886 advocarim,

122 1911 203 1972 quos
235 1891 343 1973 plures
374 1891 493 1955 hahere
525 1892 636 1957 multis
668 1892 860 1976 gloriosum,
892 1893 1133 1976 reprehensioni

122 1980 244 2043 nemini
265 1979 336 2042 fuit.
382 1978 471 2046 Vale.

80 2165 107 2206 ao
601 2145 652 2204 IV.

289 2244 316 2292 e.
340 2245 479 2293 anrus
502 2246 599 2293 1UL10
623 2246 824 2294 vacuamuo
849 2246 914 2294 suo
939 2247 965 2294 S.

188 2332 251 2399 Res
273 2335 460 2418 parva,*sed
483 2337 612 2400 initium
630 2358 697 2399 non
713 2359 838 2420 parvae.
875 2335 935 2400 Vir
952 2338 1131 2420 praetorius
1151 2353 1164 2401 1

122 2421 242 2487 Sollers
265 2446 284 2487 a
307 2426 419 2488 senatu
441 2427 544 2508 petiit,
566 2429 603 2489 ut
627 2426 689 2490 sibi
715 2427 883 2490 instituere
909 2426 1068 2490 nundinas
1097 2427 1131 2488 in

121 2513 207 2596 agris
231 2514 296 2577 suis
317 2514 569 2597 permitteretur,
593 2517 704 2578 contre
723 2514 872 2579 dixerunt
889 2516 989 2598 legati
1012 2513 1131 2578 Viceti-

80 2627 107 2667 as
121 2621 250 2683 norum,
277 2601 381 2666 adfuit
407 2601 567 2667 Tuscilius
594 2602 802 2687 Nominatus3
831 2604 929 2667 dilata
957 2624 1051 2668 cause
1074 2608 1130 2667 est.

121 2688 206 2754 Alio.
225 2695 337 2754 senatu
364 2690 505 2755 Vicetini
533 2693 600 2756 sine
628 2692 782 2756 advocato
810 2694 1019 2775 intraverunt,
1045 2692 1164 2757 dixe-2

120 2782 198 2842 runt
220 2800 254 2843 se
277 2779 425 2863 deceptos
448 2781 571 2864 lapsine
594 2782 702 2864 verbo,
720 2800 762 2845 an
784 2783 859 2864 quia
878 2783 923 2845 ite
942 2782 1129 2846 sentiebant.

120 2865 314 2953 Interrogati
346 2891 365 2932 a
395 2868 522 2953 Nepote
553 2874 708 2954 praetore,
741 2891 835 2952 quem
863 2871 1054 2950 docuissent,
1084 2893 1130 2934 re-

121 2955 327 3040 sponderunt,
355 2979 450 3040 quem
476 2960 574 3042 prius.
624 2957 830 3045 Interrogati,
858 2982 899 3023 an
926 2963 1003 3023 tunc
1030 2963 1130 3044 gratis

80 3072 108 3112 ao
123 3045 287 3129 adfuisset,
308 3047 542 3130 responderunt
565 3069 620 3112 sex
643 3049 773 3113 milibus
796 3070 977 3130 nummum3
1000 3072 1042 3112 an
1063 3072 1131 3112 rur·

121 3155 175 3199 sus
198 3134 321 3219 aliquid
344 3135 514 3219 dedissent,
538 3137 687 3201 dixerunt
709 3138 798 3201 mille
821 3137 976 3202 denarios.
1020 3135 1130 3221 Nepos

121 3225 312 3308 postulavit,
339 3228 377 3289 ut
402 3223 597 3290 Nominatus
624 3226 833 3289 induceretur.
883 3224 1047 3291 Hactenus
1074 3227 1166 3291 illos

122 3312 181 3376 die.
237 3311 313 3396 Sed,
346 3318 503 3396 qnantum
535 3336 687 3400 auguror,
720 3316 849 3400 longius
884 3336 935 3379 res
971 3314 1130 3398 procedet.

192 3529 225 3575 22
238 3540 293 3576 non
304 3541 422 3592 parvum
438 3527 573 3598 BFprc.
646 3535 682 3585 33
694 3528 841 3602 procedet
854 3527 1006 3596 Rh'pru,
1020 3524 1088 3575 Otto
1102 3523 1175 3576 uos,

108 3594 213 3661 Stangl
222 3597 282 3659 672,
299 3597 433 3663 procedit
453 3601 537 3672 MD,
556 3604 598 3661 K.
1108 3615 1111 3618 ’

996 3682 1033 3736 Q*
