<?xml version="1.0" encoding="UTF-8"?>
<!DOCTYPE html PUBLIC "-//W3C//DTD XHTML 1.0 Transitional//EN"
    "http://www.w3.org/TR/xhtml1/DTD/xhtml1-transitional.dtd">
<html xmlns="http://www.w3.org/1999/xhtml" xml:lang="en" lang="en">
 <head>
  <title>
</title>
<meta http-equiv="Content-Type" content="text/html;charset=utf-8" />
  <meta name='ocr-system' content='tesseract 3.04.00' />
  <meta name='ocr-capabilities' content='ocr_page ocr_carea ocr_par ocr_line ocrx_word'/>
</head>
<body>
  <div class='ocr_page' id='page_1' title='image "./cplinicaecilise04plingoog_0260.png"; bbox 0 0 2506 3862; ppageno 0'>
   <div class='ocr_carea' id='block_1_1' title="bbox 395 221 1125 287">
    <p class='ocr_par' dir='ltr' id='par_1_1' title="bbox 395 221 1125 287">
     <span class='ocr_line' id='line_1_1' title="bbox 395 221 1125 287; baseline 0.016 -12"><span class='ocrx_word' id='word_1_1' title='bbox 395 221 655 276; x_wconf 77' lang='lat' dir='ltr'><strong>EPISTULARUM</strong></span> <span class='ocrx_word' id='word_1_2' title='bbox 672 222 711 275; x_wconf 83' lang='lat' dir='ltr'>lx</span> <span class='ocrx_word' id='word_1_3' title='bbox 729 228 842 278; x_wconf 82' lang='lat' dir='ltr'>aa-ee.</span> <span class='ocrx_word' id='word_1_4' title='bbox 1060 222 1125 287; x_wconf 75' lang='lat'>247</span> 
     </span>
    </p>
   </div>
   <div class='ocr_carea' id='block_1_2' title="bbox 388 391 854 540">
    <p class='ocr_par' dir='ltr' id='par_1_2' title="bbox 388 391 854 540">
     <span class='ocr_line' id='line_1_2' title="bbox 555 391 688 449; baseline -0.008 0"><span class='ocrx_word' id='word_1_5' title='bbox 555 391 688 449; x_wconf 87' lang='lat' dir='ltr'>XXXVI.</span> 
     </span>
     <span class='ocr_line' id='line_1_3' title="bbox 388 491 854 540; baseline -0.002 -1"><span class='ocrx_word' id='word_1_6' title='bbox 388 491 416 539; x_wconf 82' lang='lat'>0.</span> <span class='ocrx_word' id='word_1_7' title='bbox 440 491 579 540; x_wconf 84' lang='lat' dir='ltr'>PLINIUS</span> <span class='ocrx_word' id='word_1_8' title='bbox 604 491 714 539; x_wconf 79' lang='lat' dir='ltr'>FUSCO</span> <span class='ocrx_word' id='word_1_9' title='bbox 739 491 804 540; x_wconf 80' lang='lat' dir='ltr'>SUO</span> <span class='ocrx_word' id='word_1_10' title='bbox 829 491 854 540; x_wconf 85' lang='lat' dir='ltr'>S.</span> 
     </span>
    </p>
   </div>
   <div class='ocr_carea' id='block_1_3' title="bbox 75 579 1163 3513">
    <p class='ocr_par' dir='ltr' id='par_1_3' title="bbox 75 579 1163 3513">
     <span class='ocr_line' id='line_1_4' title="bbox 182 579 1161 664; baseline 0.002 -20"><span class='ocrx_word' id='word_1_11' title='bbox 182 579 322 664; x_wconf 84' lang='lat' dir='ltr'>Quaeris,</span> <span class='ocrx_word' id='word_1_12' title='bbox 337 603 432 664; x_wconf 91' lang='lat' dir='ltr'>quem</span> <span class='ocrx_word' id='word_1_13' title='bbox 449 582 636 645; x_wconf 86' lang='lat' dir='ltr'>admodum</span> <span class='ocrx_word' id='word_1_14' title='bbox 654 582 688 645; x_wconf 93' lang='lat' dir='ltr'>in</span> <span class='ocrx_word' id='word_1_15' title='bbox 706 581 818 646; x_wconf 84' lang='lat' dir='ltr'>Tuscis</span> <span class='ocrx_word' id='word_1_16' title='bbox 834 581 917 646; x_wconf 90' lang='lat' dir='ltr'>diem</span> <span class='ocrx_word' id='word_1_17' title='bbox 932 584 1051 646; x_wconf 90' lang='lat' dir='ltr'>aestate</span> <span class='ocrx_word' id='word_1_18' title='bbox 1066 581 1128 645; x_wconf 89' lang='lat' dir='ltr'>dis·</span> <span class='ocrx_word' id='word_1_19' title='bbox 1147 598 1161 646; x_wconf 92' lang='lat'>1</span> 
     </span>
     <span class='ocr_line' id='line_1_5' title="bbox 113 669 1127 756; baseline 0.001 -23"><span class='ocrx_word' id='word_1_20' title='bbox 113 692 240 754; x_wconf 91' lang='lat' dir='ltr'>ponam.</span> <span class='ocrx_word' id='word_1_21' title='bbox 278 669 422 756; x_wconf 80' lang='lat' dir='ltr'>Evigilo,</span> <span class='ocrx_word' id='word_1_22' title='bbox 450 692 522 735; x_wconf 90' lang='lat' dir='ltr'>cum</span> <span class='ocrx_word' id='word_1_23' title='bbox 550 670 661 754; x_wconf 90' lang='lat' dir='ltr'>libuit,</span> <span class='ocrx_word' id='word_1_24' title='bbox 687 672 875 754; x_wconf 91' lang='lat' dir='ltr'>plerumque</span> <span class='ocrx_word' id='word_1_25' title='bbox 904 670 987 735; x_wconf 90' lang='lat' dir='ltr'>circa</span> <span class='ocrx_word' id='word_1_26' title='bbox 1013 671 1127 735; x_wconf 91' lang='lat' dir='ltr'>horam</span> 
     </span>
     <span class='ocr_line' id='line_1_6' title="bbox 86 757 1127 844; baseline 0.002 -23"><span class='ocrx_word' id='word_1_27' title='bbox 86 759 262 843; x_wconf 58' lang='lat' dir='ltr'>cprimam,</span> <span class='ocrx_word' id='word_1_28' title='bbox 294 782 387 842; x_wconf 89' lang='lat' dir='ltr'>saepe</span> <span class='ocrx_word' id='word_1_29' title='bbox 419 762 502 844; x_wconf 90' lang='lat' dir='ltr'>ante,</span> <span class='ocrx_word' id='word_1_30' title='bbox 534 760 656 823; x_wconf 87' lang='lat' dir='ltr'>tardius</span> <span class='ocrx_word' id='word_1_31' title='bbox 688 782 769 825; x_wconf 88' lang='lat' dir='ltr'>raro.</span> <span class='ocrx_word' id='word_1_32' title='bbox 807 757 939 824; x_wconf 77' lang='lat' dir='ltr'>Clausae</span> <span class='ocrx_word' id='word_1_33' title='bbox 970 759 1127 823; x_wconf 77' lang='lat' dir='ltr'>fenestrae</span> 
     </span>
     <span class='ocr_line' id='line_1_7' title="bbox 114 848 1161 932; baseline 0 -20"><span class='ocrx_word' id='word_1_34' title='bbox 114 852 253 912; x_wconf 91' lang='lat' dir='ltr'>manent.</span> <span class='ocrx_word' id='word_1_35' title='bbox 290 848 372 912; x_wconf 88' lang='lat' dir='ltr'>Mire</span> <span class='ocrx_word' id='word_1_36' title='bbox 400 849 485 913; x_wconf 88' lang='lat' dir='ltr'>enim</span> <span class='ocrx_word' id='word_1_37' title='bbox 514 848 641 912; x_wconf 91' lang='lat' dir='ltr'>silentio</span> <span class='ocrx_word' id='word_1_38' title='bbox 670 853 702 913; x_wconf 99' lang='grc' dir='ltr'><strong>εὴ</strong></span> <span class='ocrx_word' id='word_1_39' title='bbox 729 849 869 914; x_wconf 87' lang='lat' dir='ltr'>tenebris</span> <span class='ocrx_word' id='word_1_40' title='bbox 897 849 937 913; x_wconf 90' lang='lat' dir='ltr'>ab</span> <span class='ocrx_word' id='word_1_41' title='bbox 965 848 1018 932; x_wconf 91' lang='lat' dir='ltr'>iis,</span> <span class='ocrx_word' id='word_1_42' title='bbox 1046 864 1161 931; x_wconf 74' lang='lat' dir='ltr'>quaen</span> 
     </span>
     <span class='ocr_line' id='line_1_8' title="bbox 114 938 1126 1021; baseline 0.001 -20"><span class='ocrx_word' id='word_1_43' title='bbox 114 941 260 1021; x_wconf 89' lang='lat' dir='ltr'>avocant,</span> <span class='ocrx_word' id='word_1_44' title='bbox 283 938 439 1002; x_wconf 89' lang='lat' dir='ltr'>abductus</span> <span class='ocrx_word' id='word_1_45' title='bbox 463 942 495 1002; x_wconf 90' lang='lat' dir='ltr'>et</span> <span class='ocrx_word' id='word_1_46' title='bbox 517 938 600 1002; x_wconf 90' lang='lat' dir='ltr'>liber</span> <span class='ocrx_word' id='word_1_47' title='bbox 622 941 654 1002; x_wconf 93' lang='lat' dir='ltr'>et</span> <span class='ocrx_word' id='word_1_48' title='bbox 676 938 757 1002; x_wconf 89' lang='lat' dir='ltr'>mihi</span> <span class='ocrx_word' id='word_1_49' title='bbox 779 938 909 1003; x_wconf 90' lang='lat' dir='ltr'>relictus</span> <span class='ocrx_word' id='word_1_50' title='bbox 927 960 994 1001; x_wconf 92' lang='lat' dir='ltr'>non</span> <span class='ocrx_word' id='word_1_51' title='bbox 1017 938 1126 1002; x_wconf 91' lang='lat' dir='ltr'>oculos</span> 
     </span>
     <span class='ocr_line' id='line_1_9' title="bbox 114 1026 1127 1112; baseline 0.001 -23"><span class='ocrx_word' id='word_1_52' title='bbox 114 1026 232 1110; x_wconf 83' lang='lat' dir='ltr'>enimc,</span> <span class='ocrx_word' id='word_1_53' title='bbox 264 1027 319 1090; x_wconf 92' lang='lat' dir='ltr'>sed</span> <span class='ocrx_word' id='word_1_54' title='bbox 351 1027 495 1091; x_wconf 87' lang='lat' dir='ltr'>animum</span> <span class='ocrx_word' id='word_1_55' title='bbox 528 1027 628 1091; x_wconf 91' lang='lat' dir='ltr'>oculis</span> <span class='ocrx_word' id='word_1_56' title='bbox 662 1048 786 1112; x_wconf 91' lang='lat' dir='ltr'>sequor,</span> <span class='ocrx_word' id='word_1_57' title='bbox 818 1027 874 1110; x_wconf 91' lang='lat' dir='ltr'>qui</span> <span class='ocrx_word' id='word_1_58' title='bbox 903 1027 1013 1091; x_wconf 92' lang='lat' dir='ltr'>eadem</span> <span class='ocrx_word' id='word_1_59' title='bbox 1047 1048 1127 1110; x_wconf 91' lang='lat' dir='ltr'>quae</span> 
     </span>
     <span class='ocr_line' id='line_1_10' title="bbox 115 1113 1128 1200; baseline 0 -21"><span class='ocrx_word' id='word_1_60' title='bbox 115 1138 204 1179; x_wconf 92' lang='lat' dir='ltr'>mens</span> <span class='ocrx_word' id='word_1_61' title='bbox 236 1115 360 1199; x_wconf 92' lang='lat' dir='ltr'>vident,</span> <span class='ocrx_word' id='word_1_62' title='bbox 392 1116 540 1199; x_wconf 89' lang='lat' dir='ltr'>quotiens</span> <span class='ocrx_word' id='word_1_63' title='bbox 572 1137 638 1179; x_wconf 92' lang='lat' dir='ltr'>non</span> <span class='ocrx_word' id='word_1_64' title='bbox 669 1116 780 1180; x_wconf 92' lang='lat' dir='ltr'>vident</span> <span class='ocrx_word' id='word_1_65' title='bbox 812 1117 883 1181; x_wconf 85' lang='lat' dir='ltr'>alia.</span> <span class='ocrx_word' id='word_1_66' title='bbox 939 1113 1068 1200; x_wconf 82' lang='lat' dir='ltr'>Cogito,</span> <span class='ocrx_word' id='word_1_67' title='bbox 1101 1114 1128 1179; x_wconf 93' lang='lat' dir='ltr'>si</span> 
     </span>
     <span class='ocr_line' id='line_1_11' title="bbox 75 1203 1128 1290; baseline 0.002 -24"><span class='ocrx_word' id='word_1_68' title='bbox 75 1235 101 1275; x_wconf 78' lang='lat'>10</span> <span class='ocrx_word' id='word_1_69' title='bbox 116 1203 194 1287; x_wconf 91' lang='lat' dir='ltr'>quid</span> <span class='ocrx_word' id='word_1_70' title='bbox 223 1203 257 1268; x_wconf 92' lang='lat' dir='ltr'>in</span> <span class='ocrx_word' id='word_1_71' title='bbox 287 1205 444 1288; x_wconf 89' lang='lat' dir='ltr'>manibus,</span> <span class='ocrx_word' id='word_1_72' title='bbox 474 1205 581 1290; x_wconf 84' lang='lat' dir='ltr'>cogito</span> <span class='ocrx_word' id='word_1_73' title='bbox 613 1205 653 1269; x_wconf 93' lang='lat' dir='ltr'>ad</span> <span class='ocrx_word' id='word_1_74' title='bbox 682 1205 816 1269; x_wconf 90' lang='lat' dir='ltr'>verbum</span> <span class='ocrx_word' id='word_1_75' title='bbox 844 1204 995 1270; x_wconf 77' lang='lat' dir='ltr'>scribenti</span> <span class='ocrx_word' id='word_1_76' title='bbox 1023 1226 1128 1269; x_wconf 90' lang='lat' dir='ltr'>emen-</span> 
     </span>
     <span class='ocr_line' id='line_1_12' title="bbox 116 1293 1128 1378; baseline -0.001 -21"><span class='ocrx_word' id='word_1_77' title='bbox 116 1293 268 1377; x_wconf 89' lang='lat' dir='ltr'>dantique</span> <span class='ocrx_word' id='word_1_78' title='bbox 301 1293 414 1358; x_wconf 89' lang='lat' dir='ltr'>similis</span> <span class='ocrx_word' id='word_1_79' title='bbox 446 1316 532 1358; x_wconf 90' lang='lat' dir='ltr'>nunc</span> <span class='ocrx_word' id='word_1_80' title='bbox 565 1294 726 1377; x_wconf 89' lang='lat' dir='ltr'>pauciora,</span> <span class='ocrx_word' id='word_1_81' title='bbox 757 1316 844 1358; x_wconf 92' lang='lat' dir='ltr'>nunc</span> <span class='ocrx_word' id='word_1_82' title='bbox 875 1295 977 1378; x_wconf 91' lang='lat' dir='ltr'>plura,</span> <span class='ocrx_word' id='word_1_83' title='bbox 1008 1298 1045 1358; x_wconf 91' lang='lat' dir='ltr'>ut</span> <span class='ocrx_word' id='word_1_84' title='bbox 1076 1294 1128 1360; x_wconf 87' lang='lat' dir='ltr'>vel</span> 
     </span>
     <span class='ocr_line' id='line_1_13' title="bbox 116 1382 1127 1467; baseline 0 -21"><span class='ocrx_word' id='word_1_85' title='bbox 116 1383 247 1447; x_wconf 75' lang='lat' dir='ltr'>difficile</span> <span class='ocrx_word' id='word_1_86' title='bbox 270 1384 322 1447; x_wconf 93' lang='lat' dir='ltr'>vel</span> <span class='ocrx_word' id='word_1_87' title='bbox 343 1383 438 1447; x_wconf 87' lang='lat' dir='ltr'>facile</span> <span class='ocrx_word' id='word_1_88' title='bbox 462 1383 612 1465; x_wconf 92' lang='lat' dir='ltr'>componi</span> <span class='ocrx_word' id='word_1_89' title='bbox 635 1383 775 1448; x_wconf 79' lang='lat' dir='ltr'>tenerive</span> <span class='ocrx_word' id='word_1_90' title='bbox 800 1387 982 1467; x_wconf 90' lang='lat' dir='ltr'>potuerunt.</span> <span class='ocrx_word' id='word_1_91' title='bbox 1027 1382 1127 1448; x_wconf 89' lang='lat' dir='ltr'>Nota-</span> 
     </span>
     <span class='ocr_line' id='line_1_14' title="bbox 115 1471 1127 1556; baseline 0.001 -22"><span class='ocrx_word' id='word_1_92' title='bbox 115 1472 199 1535; x_wconf 92' lang='lat' dir='ltr'>rium</span> <span class='ocrx_word' id='word_1_93' title='bbox 229 1493 309 1536; x_wconf 89' lang='lat' dir='ltr'>voco</span> <span class='ocrx_word' id='word_1_94' title='bbox 341 1475 373 1536; x_wconf 91' lang='lat' dir='ltr'>et</span> <span class='ocrx_word' id='word_1_95' title='bbox 405 1472 455 1536; x_wconf 91' lang='lat' dir='ltr'>die</span> <span class='ocrx_word' id='word_1_96' title='bbox 487 1472 637 1556; x_wconf 82' lang='lat' dir='ltr'>admisse,</span> <span class='ocrx_word' id='word_1_97' title='bbox 667 1494 748 1555; x_wconf 89' lang='lat' dir='ltr'>quae</span> <span class='ocrx_word' id='word_1_98' title='bbox 777 1471 1000 1556; x_wconf 82' lang='lat' dir='ltr'>formaveram,</span> <span class='ocrx_word' id='word_1_99' title='bbox 1032 1472 1127 1537; x_wconf 91' lang='lat' dir='ltr'>dicto.</span> 
     </span>
     <span class='ocr_line' id='line_1_15' title="bbox 115 1559 1162 1644; baseline 0 -20"><span class='ocrx_word' id='word_1_100' title='bbox 115 1559 196 1625; x_wconf 86' lang='lat' dir='ltr'>Abit</span> <span class='ocrx_word' id='word_1_101' title='bbox 225 1583 398 1644; x_wconf 91' lang='lat' dir='ltr'>rursusque</span> <span class='ocrx_word' id='word_1_102' title='bbox 430 1564 599 1625; x_wconf 89' lang='lat' dir='ltr'>revocatur</span> <span class='ocrx_word' id='word_1_103' title='bbox 627 1583 801 1644; x_wconf 86' lang='lat' dir='ltr'>rursusque</span> <span class='ocrx_word' id='word_1_104' title='bbox 834 1560 1016 1625; x_wconf 85' lang='lat' dir='ltr'>dimittitur.</span> <span class='ocrx_word' id='word_1_105' title='bbox 1061 1559 1162 1625; x_wconf 80' lang='lat' dir='ltr'>Uhia</span> 
     </span>
     <span class='ocr_line' id='line_1_16' title="bbox 76 1647 1128 1737; baseline 0.001 -24"><span class='ocrx_word' id='word_1_106' title='bbox 76 1679 102 1721; x_wconf 75' lang='lat'>15</span> <span class='ocrx_word' id='word_1_107' title='bbox 115 1651 196 1713; x_wconf 91' lang='lat' dir='ltr'>hora</span> <span class='ocrx_word' id='word_1_108' title='bbox 226 1653 339 1733; x_wconf 92' lang='lat' dir='ltr'>quarta</span> <span class='ocrx_word' id='word_1_109' title='bbox 368 1651 420 1714; x_wconf 91' lang='lat' dir='ltr'>vel</span> <span class='ocrx_word' id='word_1_110' title='bbox 450 1651 562 1734; x_wconf 91' lang='lat' dir='ltr'>quinta</span> <span class='ocrx_word' id='word_1_111' title='bbox 592 1647 709 1737; x_wconf 91' lang='lat' dir='ltr'>(neque</span> <span class='ocrx_word' id='word_1_112' title='bbox 739 1650 824 1714; x_wconf 89' lang='lat' dir='ltr'>enim</span> <span class='ocrx_word' id='word_1_113' title='bbox 856 1653 977 1714; x_wconf 88' lang='lat' dir='ltr'>certum</span> <span class='ocrx_word' id='word_1_114' title='bbox 1008 1649 1128 1714; x_wconf 90' lang='lat' dir='ltr'>dimen-</span> 
     </span>
     <span class='ocr_line' id='line_1_17' title="bbox 116 1736 1128 1825; baseline 0 -23"><span class='ocrx_word' id='word_1_115' title='bbox 116 1760 252 1822; x_wconf 86' lang='lat' dir='ltr'>sumque</span> <span class='ocrx_word' id='word_1_116' title='bbox 280 1736 430 1825; x_wconf 82' lang='lat' dir='ltr'>tempus),</span> <span class='ocrx_word' id='word_1_117' title='bbox 462 1743 499 1802; x_wconf 94' lang='lat' dir='ltr'>ut</span> <span class='ocrx_word' id='word_1_118' title='bbox 531 1740 597 1803; x_wconf 89' lang='lat' dir='ltr'>dies</span> <span class='ocrx_word' id='word_1_119' title='bbox 629 1738 737 1822; x_wconf 83' lang='lat' dir='ltr'>suasit,</span> <span class='ocrx_word' id='word_1_120' title='bbox 767 1739 802 1802; x_wconf 90' lang='lat' dir='ltr'>in</span> <span class='ocrx_word' id='word_1_121' title='bbox 831 1741 962 1822; x_wconf 84' lang='lat' dir='ltr'>xystum</span> <span class='ocrx_word' id='word_1_122' title='bbox 994 1760 1045 1803; x_wconf 90' lang='lat' dir='ltr'>me</span> <span class='ocrx_word' id='word_1_123' title='bbox 1076 1740 1128 1802; x_wconf 91' lang='lat' dir='ltr'>vel</span> 
     </span>
     <span class='ocr_line' id='line_1_18' title="bbox 116 1826 1128 1912; baseline -0.002 -19"><span class='ocrx_word' id='word_1_124' title='bbox 116 1828 391 1912; x_wconf 76' lang='lat' dir='ltr'>cryptoporticum</span> <span class='ocrx_word' id='word_1_125' title='bbox 416 1829 554 1911; x_wconf 79' lang='lat' dir='ltr'>confero,</span> <span class='ocrx_word' id='word_1_126' title='bbox 577 1828 700 1910; x_wconf 90' lang='lat' dir='ltr'>reliqua</span> <span class='ocrx_word' id='word_1_127' title='bbox 723 1827 861 1891; x_wconf 88' lang='lat' dir='ltr'>meditor</span> <span class='ocrx_word' id='word_1_128' title='bbox 879 1830 911 1891; x_wconf 91' lang='lat' dir='ltr'>et</span> <span class='ocrx_word' id='word_1_129' title='bbox 935 1827 1029 1892; x_wconf 91' lang='lat' dir='ltr'>dicto.</span> <span class='ocrx_word' id='word_1_130' title='bbox 1066 1826 1128 1891; x_wconf 88' lang='lat' dir='ltr'>Ve-</span> 
     </span>
     <span class='ocr_line' id='line_1_19' title="bbox 115 1914 1127 1999; baseline 0 -19"><span class='ocrx_word' id='word_1_131' title='bbox 115 1917 259 1981; x_wconf 90' lang='lat' dir='ltr'>hiculum</span> <span class='ocrx_word' id='word_1_132' title='bbox 295 1917 439 1982; x_wconf 82' lang='lat' dir='ltr'>ascende.</span> <span class='ocrx_word' id='word_1_133' title='bbox 485 1914 536 1981; x_wconf 88' lang='lat' dir='ltr'>Ibi</span> <span class='ocrx_word' id='word_1_134' title='bbox 569 1938 695 1999; x_wconf 90' lang='lat' dir='ltr'>quoque</span> <span class='ocrx_word' id='word_1_135' title='bbox 727 1916 812 1981; x_wconf 91' lang='lat' dir='ltr'>idem</span> <span class='ocrx_word' id='word_1_136' title='bbox 842 1916 928 1999; x_wconf 95' lang='lat' dir='ltr'>quod</span> <span class='ocrx_word' id='word_1_137' title='bbox 960 1916 1127 1981; x_wconf 89' lang='lat' dir='ltr'>ambulans</span> 
     </span>
     <span class='ocr_line' id='line_1_20' title="bbox 116 2005 1126 2090; baseline -0.001 -21"><span class='ocrx_word' id='word_1_138' title='bbox 116 2010 172 2069; x_wconf 91' lang='lat' dir='ltr'>aut</span> <span class='ocrx_word' id='word_1_139' title='bbox 213 2007 333 2090; x_wconf 80' lang='lat' dir='ltr'>iacens3</span> <span class='ocrx_word' id='word_1_140' title='bbox 373 2006 467 2070; x_wconf 92' lang='lat' dir='ltr'>durat</span> <span class='ocrx_word' id='word_1_141' title='bbox 503 2005 639 2069; x_wconf 89' lang='lat' dir='ltr'>intentio</span> <span class='ocrx_word' id='word_1_142' title='bbox 676 2005 854 2070; x_wconf 88' lang='lat' dir='ltr'>mutatione</span> <span class='ocrx_word' id='word_1_143' title='bbox 895 2006 965 2089; x_wconf 90' lang='lat' dir='ltr'>ipsa</span> <span class='ocrx_word' id='word_1_144' title='bbox 1000 2005 1126 2070; x_wconf 85' lang='lat' dir='ltr'>refecta.</span> 
     </span>
     <span class='ocr_line' id='line_1_21' title="bbox 76 2091 1128 2179; baseline -0.004 -16"><span class='ocrx_word' id='word_1_145' title='bbox 76 2125 102 2165; x_wconf 82' lang='lat' dir='ltr'>ao</span> <span class='ocrx_word' id='word_1_146' title='bbox 115 2093 254 2159; x_wconf 88' lang='lat' dir='ltr'>Paulum</span> <span class='ocrx_word' id='word_1_147' title='bbox 277 2095 446 2179; x_wconf 88' lang='lat' dir='ltr'>redormio,</span> <span class='ocrx_word' id='word_1_148' title='bbox 469 2094 543 2159; x_wconf 90' lang='lat' dir='ltr'>dein</span> <span class='ocrx_word' id='word_1_149' title='bbox 566 2094 706 2178; x_wconf 89' lang='lat' dir='ltr'>ambulo,</span> <span class='ocrx_word' id='word_1_150' title='bbox 728 2117 805 2158; x_wconf 94' lang='lat' dir='ltr'>mox</span> <span class='ocrx_word' id='word_1_151' title='bbox 833 2095 1010 2159; x_wconf 89' lang='lat' dir='ltr'>orationem</span> <span class='ocrx_word' id='word_1_152' title='bbox 1035 2091 1128 2159; x_wconf 79' lang='lat' dir='ltr'>Grae-</span> 
     </span>
     <span class='ocr_line' id='line_1_22' title="bbox 117 2183 1128 2249; baseline 0 -1"><span class='ocrx_word' id='word_1_153' title='bbox 117 2206 187 2248; x_wconf 90' lang='lat' dir='ltr'>cam</span> <span class='ocrx_word' id='word_1_154' title='bbox 210 2183 398 2248; x_wconf 83' lang='lat' dir='ltr'>Latinamve</span> <span class='ocrx_word' id='word_1_155' title='bbox 422 2186 505 2249; x_wconf 91' lang='lat' dir='ltr'>clare</span> <span class='ocrx_word' id='word_1_156' title='bbox 528 2187 560 2248; x_wconf 90' lang='lat' dir='ltr'>et</span> <span class='ocrx_word' id='word_1_157' title='bbox 585 2183 707 2247; x_wconf 90' lang='lat' dir='ltr'>intente</span> <span class='ocrx_word' id='word_1_158' title='bbox 734 2205 800 2247; x_wconf 92' lang='lat' dir='ltr'>non</span> <span class='ocrx_word' id='word_1_159' title='bbox 827 2186 893 2247; x_wconf 90' lang='lat' dir='ltr'>tam</span> <span class='ocrx_word' id='word_1_160' title='bbox 916 2183 1004 2248; x_wconf 91' lang='lat' dir='ltr'>vocis</span> <span class='ocrx_word' id='word_1_161' title='bbox 1033 2205 1128 2248; x_wconf 89' lang='lat' dir='ltr'>causa</span> 
     </span>
     <span class='ocr_line' id='line_1_23' title="bbox 117 2272 1127 2358; baseline -0.002 -21"><span class='ocrx_word' id='word_1_162' title='bbox 117 2296 214 2357; x_wconf 89' lang='lat' dir='ltr'>quam</span> <span class='ocrx_word' id='word_1_163' title='bbox 242 2273 400 2337; x_wconf 89' lang='lat' dir='ltr'>stomachi</span> <span class='ocrx_word' id='word_1_164' title='bbox 429 2275 516 2358; x_wconf 83' lang='lat' dir='ltr'>leg03</span> <span class='ocrx_word' id='word_1_165' title='bbox 546 2272 666 2356; x_wconf 89' lang='lat' dir='ltr'>pariter</span> <span class='ocrx_word' id='word_1_166' title='bbox 694 2275 802 2336; x_wconf 88' lang='lat' dir='ltr'>tamen</span> <span class='ocrx_word' id='word_1_167' title='bbox 832 2275 864 2336; x_wconf 93' lang='lat' dir='ltr'>et</span> <span class='ocrx_word' id='word_1_168' title='bbox 890 2272 947 2336; x_wconf 90' lang='lat' dir='ltr'>illa</span> <span class='ocrx_word' id='word_1_169' title='bbox 973 2272 1127 2336; x_wconf 89' lang='lat' dir='ltr'>firmatur.</span> 
     </span>
     <span class='ocr_line' id='line_1_24' title="bbox 115 2358 1163 2447; baseline 0.001 -23"><span class='ocrx_word' id='word_1_170' title='bbox 115 2360 237 2426; x_wconf 90' lang='lat' dir='ltr'>Iterum</span> <span class='ocrx_word' id='word_1_171' title='bbox 261 2363 400 2446; x_wconf 89' lang='lat' dir='ltr'>ambulo,</span> <span class='ocrx_word' id='word_1_172' title='bbox 422 2383 536 2447; x_wconf 83' lang='lat' dir='ltr'>ungor,</span> <span class='ocrx_word' id='word_1_173' title='bbox 559 2382 716 2445; x_wconf 87' lang='lat' dir='ltr'>exerceor,</span> <span class='ocrx_word' id='word_1_174' title='bbox 737 2362 836 2425; x_wconf 90' lang='lat' dir='ltr'>lavor.</span> <span class='ocrx_word' id='word_1_175' title='bbox 882 2358 1016 2425; x_wconf 83' lang='lat' dir='ltr'>Cenanti</span> <span class='ocrx_word' id='word_1_176' title='bbox 1038 2361 1163 2444; x_wconf 62' lang='lat' dir='ltr'>mihil</span> 
     </span>
     <span class='ocr_line' id='line_1_25' title="bbox 118 2451 1128 2534; baseline 0.001 -22"><span class='ocrx_word' id='word_1_177' title='bbox 118 2451 144 2512; x_wconf 93' lang='lat' dir='ltr'>si</span> <span class='ocrx_word' id='word_1_178' title='bbox 173 2472 245 2514; x_wconf 93' lang='lat' dir='ltr'>cum</span> <span class='ocrx_word' id='word_1_179' title='bbox 273 2473 372 2515; x_wconf 91' lang='lat' dir='ltr'>uxore</span> <span class='ocrx_word' id='word_1_180' title='bbox 401 2453 453 2515; x_wconf 93' lang='lat' dir='ltr'>vel</span> <span class='ocrx_word' id='word_1_181' title='bbox 483 2451 604 2534; x_wconf 89' lang='lat' dir='ltr'>paucis,</span> <span class='ocrx_word' id='word_1_182' title='bbox 634 2451 717 2514; x_wconf 91' lang='lat' dir='ltr'>liber</span> <span class='ocrx_word' id='word_1_183' title='bbox 747 2451 879 2534; x_wconf 72' lang='lat' dir='ltr'>legitur,</span> <span class='ocrx_word' id='word_1_184' title='bbox 910 2453 985 2532; x_wconf 93' lang='lat' dir='ltr'>post</span> <span class='ocrx_word' id='word_1_185' title='bbox 1017 2471 1128 2514; x_wconf 90' lang='lat' dir='ltr'>cenam</span> 
     </span>
     <span class='ocr_line' id='line_1_26' title="bbox 77 2539 1127 2624; baseline -0.007 -16"><span class='ocrx_word' id='word_1_186' title='bbox 77 2568 102 2608; x_wconf 77' lang='lat' dir='ltr'>ss</span> <span class='ocrx_word' id='word_1_187' title='bbox 118 2541 289 2604; x_wconf 86' lang='lat' dir='ltr'>comoedus</span> <span class='ocrx_word' id='word_1_188' title='bbox 308 2543 364 2603; x_wconf 92' lang='lat' dir='ltr'>aut</span> <span class='ocrx_word' id='word_1_189' title='bbox 381 2540 523 2624; x_wconf 78' lang='lat' dir='ltr'>lyristes3</span> <span class='ocrx_word' id='word_1_190' title='bbox 546 2561 622 2604; x_wconf 89' lang='lat' dir='ltr'>mox</span> <span class='ocrx_word' id='word_1_191' title='bbox 642 2561 714 2603; x_wconf 92' lang='lat' dir='ltr'>cum</span> <span class='ocrx_word' id='word_1_192' title='bbox 733 2539 813 2603; x_wconf 90' lang='lat' dir='ltr'>meis</span> <span class='ocrx_word' id='word_1_193' title='bbox 832 2539 971 2622; x_wconf 84' lang='lat' dir='ltr'>ambu10,</span> <span class='ocrx_word' id='word_1_194' title='bbox 990 2559 1127 2621; x_wconf 88' lang='lat' dir='ltr'>quorum</span> 
     </span>
     <span class='ocr_line' id='line_1_27' title="bbox 117 2627 1128 2711; baseline -0.001 -20"><span class='ocrx_word' id='word_1_195' title='bbox 117 2628 152 2691; x_wconf 90' lang='lat' dir='ltr'>in</span> <span class='ocrx_word' id='word_1_196' title='bbox 173 2650 306 2693; x_wconf 89' lang='lat' dir='ltr'>numero</span> <span class='ocrx_word' id='word_1_197' title='bbox 331 2632 406 2693; x_wconf 90' lang='lat' dir='ltr'>sunt</span> <span class='ocrx_word' id='word_1_198' title='bbox 429 2629 553 2693; x_wconf 85' lang='lat' dir='ltr'>eruditi.</span> <span class='ocrx_word' id='word_1_199' title='bbox 590 2627 640 2692; x_wconf 90' lang='lat' dir='ltr'>Ita</span> <span class='ocrx_word' id='word_1_200' title='bbox 663 2627 759 2692; x_wconf 88' lang='lat' dir='ltr'>variis</span> <span class='ocrx_word' id='word_1_201' title='bbox 779 2627 978 2692; x_wconf 85' lang='lat' dir='ltr'>sermonibus</span> <span class='ocrx_word' id='word_1_202' title='bbox 997 2649 1128 2711; x_wconf 89' lang='lat' dir='ltr'>vespera</span> 
     </span>
     <span class='ocr_line' id='line_1_28' title="bbox 118 2716 1128 2802; baseline 0.002 -23"><span class='ocrx_word' id='word_1_203' title='bbox 118 2717 308 2800; x_wconf 85' lang='lat' dir='ltr'>extenditur,</span> <span class='ocrx_word' id='word_1_204' title='bbox 341 2722 373 2781; x_wconf 94' lang='lat' dir='ltr'>et</span> <span class='ocrx_word' id='word_1_205' title='bbox 405 2739 599 2801; x_wconf 91' lang='lat' dir='ltr'>quamquam</span> <span class='ocrx_word' id='word_1_206' title='bbox 631 2716 839 2802; x_wconf 82' lang='lat' dir='ltr'>longissimus</span> <span class='ocrx_word' id='word_1_207' title='bbox 867 2716 933 2780; x_wconf 87' lang='lat' dir='ltr'>dies</span> <span class='ocrx_word' id='word_1_208' title='bbox 963 2716 1025 2780; x_wconf 90' lang='lat' dir='ltr'>cito</span> <span class='ocrx_word' id='word_1_209' title='bbox 1055 2738 1128 2781; x_wconf 94' lang='lat' dir='ltr'>con-</span> 
     </span>
     <span class='ocr_line' id='line_1_29' title="bbox 118 2804 1162 2889; baseline 0.001 -20"><span class='ocrx_word' id='word_1_210' title='bbox 118 2806 212 2869; x_wconf 87' lang='lat' dir='ltr'>ditur.</span> <span class='ocrx_word' id='word_1_211' title='bbox 250 2804 326 2870; x_wconf 91' lang='lat' dir='ltr'>Non</span> <span class='ocrx_word' id='word_1_212' title='bbox 348 2828 524 2889; x_wconf 92' lang='lat' dir='ltr'>numquam</span> <span class='ocrx_word' id='word_1_213' title='bbox 548 2828 587 2870; x_wconf 91' lang='lat' dir='ltr'>ex</span> <span class='ocrx_word' id='word_1_214' title='bbox 609 2807 672 2870; x_wconf 91' lang='lat' dir='ltr'>hoc</span> <span class='ocrx_word' id='word_1_215' title='bbox 695 2805 805 2870; x_wconf 89' lang='lat' dir='ltr'>ordine</span> <span class='ocrx_word' id='word_1_216' title='bbox 824 2805 931 2888; x_wconf 89' lang='lat' dir='ltr'>aliqua</span> <span class='ocrx_word' id='word_1_217' title='bbox 954 2810 1162 2870; x_wconf 76' lang='lat' dir='ltr'>mutanturc</span> 
     </span>
     <span class='ocr_line' id='line_1_30' title="bbox 117 2894 1128 2978; baseline -0.001 -18"><span class='ocrx_word' id='word_1_218' title='bbox 117 2894 213 2978; x_wconf 90' lang='lat' dir='ltr'>Nam,</span> <span class='ocrx_word' id='word_1_219' title='bbox 236 2895 262 2958; x_wconf 90' lang='lat' dir='ltr'>si</span> <span class='ocrx_word' id='word_1_220' title='bbox 287 2895 341 2958; x_wconf 92' lang='lat' dir='ltr'>diu</span> <span class='ocrx_word' id='word_1_221' title='bbox 364 2895 448 2959; x_wconf 89' lang='lat' dir='ltr'>iacui</span> <span class='ocrx_word' id='word_1_222' title='bbox 470 2896 522 2958; x_wconf 92' lang='lat' dir='ltr'>vel</span> <span class='ocrx_word' id='word_1_223' title='bbox 541 2895 712 2977; x_wconf 91' lang='lat' dir='ltr'>ambulavi,</span> <span class='ocrx_word' id='word_1_224' title='bbox 734 2897 808 2978; x_wconf 91' lang='lat' dir='ltr'>post</span> <span class='ocrx_word' id='word_1_225' title='bbox 831 2917 980 2958; x_wconf 91' lang='lat' dir='ltr'>somnum</span> <span class='ocrx_word' id='word_1_226' title='bbox 999 2895 1128 2959; x_wconf 93' lang='lat' dir='ltr'>demum</span> 
     </span>
     <span class='ocr_line' id='line_1_31' title="bbox 77 2983 1129 3068; baseline -0.005 -15"><span class='ocrx_word' id='word_1_227' title='bbox 77 3014 104 3054; x_wconf 84' lang='lat' dir='ltr'>ac</span> <span class='ocrx_word' id='word_1_228' title='bbox 116 2985 352 3067; x_wconf 91' lang='lat' dir='ltr'>lectionemque</span> <span class='ocrx_word' id='word_1_229' title='bbox 383 3006 450 3047; x_wconf 93' lang='lat' dir='ltr'>non</span> <span class='ocrx_word' id='word_1_230' title='bbox 481 2984 639 3066; x_wconf 89' lang='lat' dir='ltr'>vehiculo,</span> <span class='ocrx_word' id='word_1_231' title='bbox 671 2983 735 3066; x_wconf 92' lang='lat' dir='ltr'>sed,</span> <span class='ocrx_word' id='word_1_232' title='bbox 767 2984 853 3067; x_wconf 93' lang='lat' dir='ltr'>quod</span> <span class='ocrx_word' id='word_1_233' title='bbox 885 2984 1022 3068; x_wconf 90' lang='lat' dir='ltr'>brevius,</span> <span class='ocrx_word' id='word_1_234' title='bbox 1054 2984 1129 3068; x_wconf 89' lang='lat' dir='ltr'>quia</span> 
     </span>
     <span class='ocr_line' id='line_1_32' title="bbox 117 3070 1127 3158; baseline -0.001 -21"><span class='ocrx_word' id='word_1_235' title='bbox 117 3074 268 3157; x_wconf 89' lang='lat' dir='ltr'>velocius,</span> <span class='ocrx_word' id='word_1_236' title='bbox 292 3094 374 3156; x_wconf 95' lang='lat' dir='ltr'>equo</span> <span class='ocrx_word' id='word_1_237' title='bbox 398 3076 514 3158; x_wconf 81' lang='lat' dir='ltr'>gestor.</span> <span class='ocrx_word' id='word_1_238' title='bbox 550 3070 773 3137; x_wconf 89' lang='lat' dir='ltr'>Interveniunt</span> <span class='ocrx_word' id='word_1_239' title='bbox 793 3073 887 3136; x_wconf 90' lang='lat' dir='ltr'>amici</span> <span class='ocrx_word' id='word_1_240' title='bbox 911 3094 950 3136; x_wconf 91' lang='lat' dir='ltr'>ex</span> <span class='ocrx_word' id='word_1_241' title='bbox 972 3073 1127 3156; x_wconf 84' lang='lat' dir='ltr'>proximis</span> 
     </span>
     <span class='ocr_line' id='line_1_33' title="bbox 118 3161 1128 3246; baseline -0.002 -19"><span class='ocrx_word' id='word_1_242' title='bbox 118 3163 243 3246; x_wconf 90' lang='lat' dir='ltr'>oppidis</span> <span class='ocrx_word' id='word_1_243' title='bbox 275 3166 462 3246; x_wconf 87' lang='lat' dir='ltr'>partemque</span> <span class='ocrx_word' id='word_1_244' title='bbox 495 3161 558 3225; x_wconf 90' lang='lat' dir='ltr'>diei</span> <span class='ocrx_word' id='word_1_245' title='bbox 594 3162 634 3225; x_wconf 92' lang='lat' dir='ltr'>ad</span> <span class='ocrx_word' id='word_1_246' title='bbox 666 3183 699 3225; x_wconf 91' lang='lat' dir='ltr'>se</span> <span class='ocrx_word' id='word_1_247' title='bbox 736 3161 868 3225; x_wconf 90' lang='lat' dir='ltr'>trahunt</span> <span class='ocrx_word' id='word_1_248' title='bbox 903 3161 1128 3244; x_wconf 91' lang='lat' dir='ltr'>interdumque</span> 
     </span>
     <span class='ocr_line' id='line_1_34' title="bbox 117 3249 1163 3335; baseline -0.001 -19"><span class='ocrx_word' id='word_1_249' title='bbox 117 3254 202 3316; x_wconf 90' lang='lat' dir='ltr'>lasso</span> <span class='ocrx_word' id='word_1_250' title='bbox 221 3252 301 3316; x_wconf 92' lang='lat' dir='ltr'>mihi</span> <span class='ocrx_word' id='word_1_251' title='bbox 321 3255 501 3335; x_wconf 89' lang='lat' dir='ltr'>opportuna</span> <span class='ocrx_word' id='word_1_252' title='bbox 518 3250 775 3334; x_wconf 88' lang='lat' dir='ltr'>interpellatione</span> <span class='ocrx_word' id='word_1_253' title='bbox 794 3251 995 3314; x_wconf 89' lang='lat' dir='ltr'>subveniunt.</span> <span class='ocrx_word' id='word_1_254' title='bbox 1019 3249 1129 3313; x_wconf 88' lang='lat' dir='ltr'>Venor</span> <span class='ocrx_word' id='word_1_255' title='bbox 1147 3267 1163 3315; x_wconf 83' lang='lat'>6</span> 
     </span>
     <span class='ocr_line' id='line_1_35' title="bbox 118 3339 1129 3425; baseline -0.003 -20"><span class='ocrx_word' id='word_1_256' title='bbox 118 3342 299 3425; x_wconf 81' lang='lat' dir='ltr'>aliquando,</span> <span class='ocrx_word' id='word_1_257' title='bbox 322 3342 377 3405; x_wconf 91' lang='lat' dir='ltr'>sed</span> <span class='ocrx_word' id='word_1_258' title='bbox 400 3363 466 3405; x_wconf 93' lang='lat' dir='ltr'>non</span> <span class='ocrx_word' id='word_1_259' title='bbox 489 3340 556 3404; x_wconf 89' lang='lat' dir='ltr'>sine</span> <span class='ocrx_word' id='word_1_260' title='bbox 578 3339 800 3425; x_wconf 82' lang='lat' dir='ltr'>pugillaribus,</span> <span class='ocrx_word' id='word_1_261' title='bbox 817 3343 863 3423; x_wconf 90' lang='lat' dir='ltr'>ut,</span> <span class='ocrx_word' id='word_1_262' title='bbox 882 3339 1027 3423; x_wconf 90' lang='lat' dir='ltr'>quamvis</span> <span class='ocrx_word' id='word_1_263' title='bbox 1046 3339 1129 3402; x_wconf 88' lang='lat' dir='ltr'>nihil</span> 
     </span>
     <span class='ocr_line' id='line_1_36' title="bbox 79 3428 1137 3513; baseline -0.012 -17"><span class='ocrx_word' id='word_1_264' title='bbox 79 3456 105 3496; x_wconf 77' lang='lat' dir='ltr'>cs</span> <span class='ocrx_word' id='word_1_265' title='bbox 120 3431 266 3513; x_wconf 90' lang='lat' dir='ltr'>ceperim,</span> <span class='ocrx_word' id='word_1_266' title='bbox 288 3451 354 3494; x_wconf 91' lang='lat' dir='ltr'>non</span> <span class='ocrx_word' id='word_1_267' title='bbox 376 3430 459 3494; x_wconf 87' lang='lat' dir='ltr'>nihil</span> <span class='ocrx_word' id='word_1_268' title='bbox 481 3429 624 3493; x_wconf 91' lang='lat' dir='ltr'>referam.</span> <span class='ocrx_word' id='word_1_269' title='bbox 671 3428 774 3492; x_wconf 92' lang='lat' dir='ltr'>Datur</span> <span class='ocrx_word' id='word_1_270' title='bbox 801 3432 833 3492; x_wconf 90' lang='lat' dir='ltr'>et</span> <span class='ocrx_word' id='word_1_271' title='bbox 861 3428 1002 3506; x_wconf 69' lang='lat' dir='ltr'>colonis,</span> <span class='ocrx_word' id='word_1_272' title='bbox 1020 3431 1065 3487; x_wconf 71' lang='lat' dir='ltr'>ut</span> <span class='ocrx_word' id='word_1_273' title='bbox 1084 3428 1137 3484; x_wconf 48' lang='grc' dir='ltr'>πίκ-</span> 
     </span>
    </p>
   </div>
   <div class='ocr_carea' id='block_1_4' title="bbox 181 3603 644 3682">
    <p class='ocr_par' dir='ltr' id='par_1_4' title="bbox 181 3603 644 3682">
     <span class='ocr_line' id='line_1_37' title="bbox 181 3603 644 3682; baseline 0.022 -28"><span class='ocrx_word' id='word_1_274' title='bbox 181 3609 217 3656; x_wconf 77' lang='lat'>20</span> <span class='ocrx_word' id='word_1_275' title='bbox 235 3603 340 3660; x_wconf 82' lang='lat' dir='ltr'>deinde</span> <span class='ocrx_word' id='word_1_276' title='bbox 352 3623 418 3677; x_wconf 62' lang='lat' dir='ltr'>pm</span> <span class='ocrx_word' id='word_1_277' title='bbox 435 3609 476 3666; x_wconf 85' lang='lat' dir='ltr'>ad</span> <span class='ocrx_word' id='word_1_278' title='bbox 493 3627 524 3682; x_wconf 83' lang='lat' dir='ltr'>p.</span> <span class='ocrx_word' id='word_1_279' title='bbox 537 3613 602 3668; x_wconf 81' lang='lat'><strong>155.</strong></span> <span class='ocrx_word' id='word_1_280' title='bbox 613 3613 644 3667; x_wconf 89' lang='grc'>6.</span> 
     </span>
    </p>
   </div>
   <div class='ocr_carea' id='block_1_5' title="bbox 0 0 1262 3862">
    <p class='ocr_par' dir='ltr' id='par_1_5' title="bbox 0 0 1262 3862">
     <span class='ocr_line' id='line_1_38' title="bbox 0 0 1262 3862; baseline 0 0"><span class='ocrx_word' id='word_1_281' title='bbox 0 0 1262 3862; x_wconf 95' lang='lat' dir='ltr'> </span> 
     </span>
    </p>
   </div>
  </div>
 </body>
</html>
