2506 3862
152 217 216 280 318
587 216 614 270 C.
633 217 732 270 PLINI

150 402 250 464 peres,
265 384 301 444 ut
320 381 470 446 dimissus
490 383 600 444 osculo
618 381 733 464 fueras,
748 385 885 466 gratum,
902 379 988 464 quod
1006 379 1165 460 equestris

152 470 272 532 ordinis
292 470 406 534 decore
424 472 546 534 honore
563 470 732 534 nominum
752 470 820 534 sine
838 471 997 534 monitore
1011 467 1165 552 signares,

152 563 293 643 gratum,
327 559 413 641 quod
444 562 570 622 tantum
602 580 666 623 coa
697 560 782 623 ultro
813 559 983 623 clientibus
1016 557 1164 620 salutatis

117 649 305 730 ‘squaedam
332 648 561 712 familiaritatis
593 652 686 712 notas
719 648 859 731 adderes,
891 647 1013 733 gratius
1045 648 1164 726 tamen,

151 738 238 819 quod
252 738 370 801 sensim
385 741 417 802 et
431 737 563 820 placide,
578 741 610 800 et
625 741 780 820 quantum
798 736 1048 820 respondentium
1067 734 1165 799 turba
1193 759 1205 799 s

150 830 322 910 pateretur,
335 827 505 908 incederes,
520 827 607 909 quod
626 827 860 890 occursantium
876 827 1015 910 populus
1033 828 1066 888 te
1085 845 1164 906 quo-

151 938 221 1000 que,
244 919 276 978 te
299 917 398 979 immo
422 916 561 979 maxime
584 918 712 998 artaret,
735 916 822 998 quod
848 916 953 998 primo
978 915 1087 978 statim
1112 911 1166 975 die

115 1022 130 1068 3
149 1006 234 1069 latus
254 1008 345 1068 tuum
365 1005 507 1069 crederes
527 1005 684 1069 omnibus.
721 1003 835 1088 Neque
853 1005 938 1068 enim
958 1004 1095 1085 stipatus
1115 1023 1163 1066 sa-

150 1094 290 1158 tellitum
313 1117 418 1177 manu,
442 1094 498 1158 sed
521 1094 732 1158 circumfusus
756 1094 897 1176 undique
919 1113 1005 1156 nunc
1024 1094 1163 1173 senatus,

149 1204 235 1248 nunc
258 1184 414 1267 equestris
438 1183 558 1247 ordinis
582 1184 669 1266 flore,
687 1187 784 1266 prout
806 1185 996 1248 alterutrum
1014 1181 1205 1263 frequen-10

150 1274 213 1335 tiae
237 1294 337 1357 genus
360 1273 556 1355 invaluisset,
580 1274 709 1337 silentes
729 1274 917 1356 quietosque
935 1272 1064 1335 lictores
1087 1273 1163 1333 tuos

151 1360 398 1445 subsequebare3
420 1383 495 1424 nam
518 1362 639 1427 milites
667 1361 750 1425 nihil
773 1385 791 1425 a
813 1362 908 1444 plebe
930 1360 1055 1443 habitu,
1076 1361 1164 1422 tran-

113 1468 130 1513 4
150 1451 319 1533 quillitate,
342 1451 500 1515 modestia
522 1451 719 1515 differebant.
756 1449 823 1515 Ubi
845 1473 920 1515 vero
944 1449 1079 1533 coepisti
1105 1445 1163 1511 Oo-

148 1538 299 1622 pitolium
332 1541 512 1622 ascendere,
546 1562 642 1623 quam
676 1541 760 1604 laeta
796 1541 945 1604 omnibus
978 1538 1162 1621 adoptionis

149 1632 222 1692 tuae
249 1630 437 1712 recordatio,
466 1651 562 1712 quam
589 1630 749 1713 peculiare
777 1630 929 1713 gaudium
957 1650 1077 1709 eorum,
1105 1628 1163 1709 qui
1177 1651 1204 1691 ιι

149 1722 181 1781 te
203 1719 302 1801 primi
324 1718 437 1783 eodem
459 1720 532 1782 loco
557 1720 774 1782 salutaverant
797 1718 1038 1801 imperatorem!
1075 1714 1163 1791 Quin

149 1809 245 1871 etiam
261 1807 355 1871 deum
370 1809 476 1891 ipsum
488 1814 613 1889 putrem
633 1812 724 1871 tuum
743 1809 946 1890 praecipuam
960 1807 1162 1888 voluptatem

114 1913 129 1960 5
149 1898 254 1979 operis
273 1898 323 1960 sui
341 1898 520 1980 percepisse
540 1897 735 1961 crediderim.
767 1894 880 1992 quue,
895 1895 995 1960 isdem
1014 1894 1161 1978 vestigiis

149 1986 296 2049 institisti
320 1985 436 2068 quibus
458 2009 574 2070 parens
597 1990 672 2050 tuus
697 1987 810 2071 ingens
833 1968 1065 2049 ffluddbornm
1088 2004 1160 2067 pro-

147 2076 271 2137 laturus
299 2096 462 2157 arcanum,
491 2097 572 2158 quae
600 2075 876 2140 circumstantium
904 2073 1033 2159 gaudia,
1062 2093 1160 2155 quam
1175 2097 1202 2136 ao

147 2183 257 2226 recens
281 2161 410 2246 clamor,
433 2185 529 2247 quam
554 2163 668 2229 similis
692 2164 741 2227 illi
764 2163 836 2247 diei,
856 2164 912 2247 qui
934 2163 1021 2227 hunc
1039 2162 1161 2246 genuit,

149 2252 227 2314 dies!
251 2255 288 2315 ut
310 2253 406 2335 plena
428 2252 593 2336 altaribus,
612 2257 749 2338 angusta
769 2252 908 2316 victimis
927 2255 1050 2334 cuncta,
1070 2251 1161 2314 utin

147 2341 242 2404 unius
270 2341 406 2405 salutem
435 2341 552 2405 collata
580 2343 722 2406 omnium
751 2344 838 2406 votat
867 2364 940 2405 cum
968 2340 1031 2404 sibi
1058 2361 1091 2403 se
1121 2360 1161 2403 ac

146 2430 257 2495 liberis
281 2431 346 2494 suis
370 2430 594 2516 intellegerent
612 2431 744 2514 precari,
764 2453 844 2514 quae
865 2453 924 2514 pro
943 2433 975 2494 te
994 2450 1159 2512 precaren-

112 2524 208 2582 etur.
248 2517 327 2583 Inde
356 2524 392 2583 tu
423 2520 457 2583 in
483 2520 639 2603 palatium
670 2520 812 2604 quidem,
839 2519 894 2584 sed
922 2541 959 2582 eo
987 2517 1093 2600 vultu,
1122 2540 1160 2582 ea
1174 2540 1201 2582 as

147 2608 374 2692 moderatione,
397 2613 434 2672 ut
457 2609 485 2672 si
507 2611 666 2692 privatam
689 2609 820 2673 domum
840 2612 979 2692 peteres3
1003 2607 1100 2670 ceteri
1119 2606 1161 2669 ad

146 2700 278 2780 penates
302 2719 376 2762 suos
400 2698 535 2781 quisque
553 2699 726 2762 iteraturus
745 2698 853 2784 gaudii
872 2697 978 2779 fidem,
995 2695 1051 2760 ubi
1068 2695 1161 2760 nullo

146 2787 318 2850 necessitas
342 2787 502 2872 gaudendi
524 2791 581 2851 est.

95 2874 141 2940 24
214 2872 385 2940 Oneresset
408 2875 507 2939 alium
528 2876 595 2940 eius
619 2876 707 2940 modi
725 2876 887 2958 introitus,
909 2879 946 2939 tu
970 2873 1088 2940 cotidie
1106 2873 1158 2937 od-

147 2963 325 3028 mirabilior
346 2968 378 3028 et
396 2965 519 3047 melior,
537 2965 612 3029 talis
631 2965 776 3048 denique,
795 2964 904 3049 quales
924 2963 979 3028 alii
997 2963 1158 3047 principes
1173 2987 1200 3026 eo

145 3053 272 3116 futuros
292 3075 325 3118 se
345 3057 469 3117 tantum
488 3053 689 3137 pollicentur.
723 3053 835 3118 Solum
854 3075 931 3138 ergo
948 3057 980 3116 te
999 3073 1158 3117 commen-

218 3253 250 3300 17
270 3247 362 3315 ipsum
375 3248 486 3314 patrem
500 3248 581 3299 tuum
595 3248 734 3314 Beroald,
744 3248 830 3314 K.II,
846 3248 956 3312 Bueba,
970 3246 1063 3315 ipsum
1076 3246 1160 3300 tuum

145 3319 232 3386 codd,
251 3319 344 3387 ipsum
362 3319 423 3370 tum
437 3319 541 3384 Licin,
560 3317 653 3386 ipsum
666 3319 734 3372 tunc
748 3319 816 3373 KJ.
891 3321 923 3371 18
942 3316 1036 3386 thue
1051 3317 1157 3372 Borkb.

146 3394 250 3458 170sq.,
269 3392 302 3443 ut
321 3388 435 3456 quidem
449 3389 535 3454 codd„
549 3390 597 3456 K„
615 3392 703 3457 utque
717 3389 782 3442 dein
798 3390 898 3443 Boebr.
980 3394 1012 3442 21
1036 3386 1080 3441 illi
1099 3387 1158 3442 diei

132 3459 284 3524 quidone
305 3460 411 3534 genuit
436 3459 497 3516 dies
521 3461 631 3530 Ia'ciu„
654 3459 701 3515 illi
724 3459 800 3528 dies,
820 3460 870 3528 qui
894 3460 969 3512 hunc
994 3474 1056 3529 gen.
1081 3458 1158 3513 diem

116 3531 207 3611 md,
228 3534 279 3602 K,
299 3535 347 3591 illi
367 3535 419 3609 qui
438 3535 518 3593 hunc
538 3552 603 3610 gen.
625 3533 689 3592 dies
710 3534 811 3604 Haupt
829 3529 1019 3594 Hermvb't,
1033 3529 1083 3579 'xlii
1101 3529 1164 3580 dies

102 3613 156 3662 qm
173 3601 259 3660 huno
276 3611 391 3682 genuit
408 3613 522 3672 Baebr.
