2506 3862
145 202 211 266 300
251 200 278 255 G.
298 200 396 255 PLINI
413 200 461 255 ΕΤ
479 199 629 254 ΤΒΑΙΑΝΙ
647 199 905 280 EPISTULARUM
924 206 1072 256 rso-121.

145 365 240 448 mihi,
264 367 291 428 si
314 369 388 428 ante
411 365 570 428 iselastica
592 386 659 429 non
680 365 823 448 fuerunt,
845 368 931 428 retro
954 386 1021 429 non
1044 365 1162 429 deben-

146 457 206 517 tur.
251 453 321 517 Nec
351 454 507 537 proficere
533 475 593 537 pro
624 452 780 518 desiderio
814 453 1007 517 athletarum
1043 458 1161 537 potest,

146 543 232 625 quod
256 565 376 627 eorum,
400 565 481 626 quae
503 546 617 628 postea
639 543 799 607 iselastica
821 563 887 607 non
910 564 979 607 esse
997 544 1162 626 constitui,

147 654 243 715 quam
266 633 421 714 vicerant,
449 633 594 716 accipere
615 632 784 696 desierunt.
829 631 955 696 Mutata
978 633 1063 696 enim
1087 653 1163 695 con-

146 722 271 786 dicione
290 722 499 785 certaminum
514 721 615 784 nihilo
630 721 746 803 minus,
770 741 850 802 quae
869 724 943 785 ante
960 725 1161 806 peregerant,
1188 744 1207 788 s

147 832 213 874 non
235 814 434 875 revocantur.
1153 837 1156 841 ·

533 937 618 998 cxx.
643 933 774 1018 [oiim]

346 1040 374 1087 C.
398 1039 536 1088 PLINIUS
562 1040 714 1087 TRAIANO
738 1039 964 1088 IMPERATORI.

111 1147 124 1193 1
211 1129 322 1214 Usque
345 1132 380 1194 in
402 1130 464 1194 hoc
487 1134 623 1214 tempus,
647 1130 787 1214 domine,
810 1151 913 1213 neque
941 1131 1090 1213 cuiquam
1116 1130 1162 1194 di-

145 1222 289 1303 plomata
303 1221 503 1283 commodavi
516 1242 621 1303 neque
634 1221 669 1283 in
686 1241 754 1283 rem
772 1220 872 1282 ullam
891 1220 954 1284 nisi
972 1222 1060 1282 tuam
1075 1220 1160 1284 misi.
1176 1247 1202 1292 ro

146 1308 249 1385 Quam
272 1312 459 1392 perpetuam
483 1309 694 1373 servationem
718 1331 823 1373 meam
847 1308 1002 1391 quaedam
1024 1310 1162 1372 necessi-

110 1401 195 1462 2tas
213 1399 309 1481 rupit.
354 1395 458 1462 Uxori
480 1399 565 1462 enim
589 1420 677 1461 meae
701 1397 809 1461 audita
832 1399 943 1461 morte'
963 1398 1016 1461 avi
1038 1399 1161 1461 volenti

146 1487 186 1550 ad
209 1488 340 1551 amitam
364 1509 454 1551 suam
478 1507 644 1551 excurrere
662 1507 756 1550 usum
776 1508 887 1550 eorum
907 1508 1025 1572 negare
1044 1485 1161 1550 durum

144 1577 266 1659 putavi,
289 1596 362 1639 eum
385 1577 459 1640 talis
483 1575 582 1640 officii
605 1574 709 1661 gratia
728 1576 762 1638 in
783 1577 944 1639 celeritate
963 1576 1162 1659 consisteret,

146 1666 323 1748 sciremque
341 1668 372 1728 te
391 1667 548 1729 rationem
567 1665 690 1729 itineris
709 1665 929 1748 probaturum,
950 1665 1040 1728 cuius
1064 1685 1161 1729 causa
1176 1692 1202 1732 rs

146 1758 214 1818 erat
236 1755 348 1837 pietas.
380 1752 469 1818 Haec
491 1755 551 1818 tibi
571 1754 692 1839 scripsi,
716 1755 791 1836 quia
814 1753 894 1817 mihi
911 1775 1026 1838 pamm
1048 1757 1161 1839 gratus

145 1845 214 1907 fore
237 1842 377 1926 videbar,
401 1845 428 1907 si
451 1843 701 1908 dissimulassem
725 1844 809 1907 inter
833 1843 896 1907 alia
920 1842 1074 1907 beneficia
1097 1842 1161 1906 hoc

146 1953 274 2015 quoque
296 1955 347 1995 me
371 1931 485 1996 debere
509 1931 727 2018 indulgentiae
745 1935 828 2015 tuae,
851 1930 938 2014 quod
955 1930 1073 2017 fiducia
1091 1933 1161 1996 eius

146 2042 341 2104 quamquam
363 2022 545 2085 inconsulto
569 2025 602 2085 te
624 2043 691 2084 non
714 2020 859 2084 dubitavi
881 2020 995 2104 facere,
1018 2041 1109 2103 quae,
1133 2020 1160 2084 si

147 2110 385 2194 consuluissem,
409 2131 479 2174 sero
502 2111 657 2175 fecissem.
1174 2135 1202 2176 so

516 2274 618 2333 cxxi.
643 2269 789 2354 [cxxii]

490 2375 662 2423 TRAIANUS
685 2375 814 2422 PLINIO.

212 2466 327 2531 Merito
351 2465 502 2548 habuisti,
526 2464 673 2529 Secunde
696 2465 867 2547 carissime,
890 2464 1039 2529 fiduciam
1060 2464 1160 2529 animi

146 2557 218 2640 mei,
240 2556 340 2638 †nec
359 2554 569 2618 dubitandum
587 2555 696 2638 fuisse,
715 2555 743 2618 si
757 2557 965 2638 expectasses,
988 2554 1090 2618 donec
1107 2575 1159 2618 me

147 2645 340 2726 consuleres,
364 2667 405 2708 an
427 2646 489 2708 iter
510 2644 621 2708 uxoris
643 2647 717 2707 tuae
741 2643 985 2726 diplomatibus,
1009 2663 1090 2726 quae
1114 2642 1159 2707 of·
1174 2667 1200 2709 ss

145 2735 218 2797 ficio
242 2738 299 2797 tuo
323 2732 409 2816 dedi,
441 2732 656 2796 adiuvandum
685 2736 780 2814 esset,
813 2752 886 2795 cnm
914 2731 999 2816 apud
1027 2733 1159 2795 amitam

147 2843 237 2885 suam
265 2843 347 2885 uxor
376 2825 432 2886 tua
460 2820 589 2886 deberet
617 2822 713 2885 etiam
744 2821 906 2885 celeritate
936 2821 1073 2907 gratiam
1106 2820 1160 2884 ad·
1221 2866 1224 2871 -

146 2913 262 2975 ventus
286 2912 336 2975 sui
359 2931 483 2994 augere.

218 3108 234 3155 3
254 3103 329 3170 quod
347 3119 452 3169 eorum,
475 3120 502 3171 q.
521 3121 547 3171 p.
567 3101 626 3156 isel.
650 3119 708 3156 non
731 3117 790 3156 esse
809 3103 906 3169 const,
930 3119 1015 3170 quam
1033 3101 1161 3156 vicerant

147 3171 281 3242 Schoefer,
300 3174 386 3240 ΚΠ,
405 3173 474 3242 quid
492 3189 556 3240 eor,
576 3190 602 3240 q.
621 3191 648 3242 p.
667 3173 700 3226 is.
720 3190 776 3227 non
798 3171 861 3243 Iege
885 3174 982 3239 const,
1006 3188 1091 3241 quam
1109 3173 1160 3242 qui

146 3244 238 3299 ierant
251 3246 287 3311 A,
306 3263 367 3300 ocra
385 3262 463 3300 erum
477 3244 545 3299 KJ.
620 3249 655 3298 le
670 3245 700 3298 te
716 3245 812 3300 Uetus.
832 3263 859 3312 u,
877 3262 928 3299 om.
944 3246 981 3299 K.
1053 3249 1085 3298 17
1104 3242 1160 3298 hec

146 3332 258 3386 queque
276 3332 322 3370 me
336 3316 450 3382 desum,
467 3317 554 3383 ΚΠ,
572 3315 626 3369 hoc
638 3331 696 3369 uno
712 3317 788 3385 qued
801 3331 846 3369 me
860 3317 899 3382 A,
914 3315 968 3369 hec
981 3332 1068 3370 unum
1082 3316 1161 3383 qued

146 3404 191 3441 mc
210 3407 237 3454 a,
255 3387 309 3441 hoc
327 3405 414 3440 unum
432 3403 514 3457 quoq.
534 3403 579 3440 mc
593 3387 662 3453 Κλ,
681 3386 734 3440 hoc
752 3404 854 3441 novum
871 3387 962 3441 Orelli.
1032 3392 1067 3439 24
1085 3403 1158 3442 cruc.

132 3458 209 3524 add,
219 3458 286 3512 dub.
297 3458 356 3513 fuit
365 3457 420 3514 tibi
429 3458 533 3528 ltcere,
541 3473 615 3530 quae
624 3473 685 3512 sere
693 3457 817 3523 fecisses,
827 3458 852 3510 si
860 3471 921 3526 exp.
930 3459 1065 3525 Momm,
1071 3457 1109 3511 K.
1115 3458 1156 3511 II.
