2506 3862
408 215 666 271 EPISTULARUM
683 217 709 271 1
729 223 841 273 11-11.
1069 218 1132 283 133

121 383 233 444 111111
260 379 352 444 11111
379 379 516 463 invenit,
548 381 811 464 praecipientem,
843 382 930 464 quod
957 382 992 445 in
1020 385 1133 465 vestes,

120 467 321 554 margaritas,
344 490 487 554 gemmas
509 469 615 534 fuerat
638 474 840 556 erogaturus,
863 470 926 535 hoc
949 472 983 535 in
1005 474 1078 535 tura
1101 475 1133 536 et

120 561 285 643 unguenta
319 561 351 621 et
388 557 501 622 odoras
532 559 765 642 inpenderetur.
828 559 889 624 Est
918 559 1047 643 quidam
1079 560 1134 624 ille
1170 576 1186 625 8

120 646 263 711 eruditus
288 650 320 710 11
343 647 482 730 sapiens,
514 650 551 711 11
574 647 629 730 qni
654 669 688 712 se
711 649 751 713 ab
782 648 912 713 ineunte
936 653 1040 714 aetate
1063 648 1133 713 alti·

94 736 231 803 soribus
261 736 376 800 studiis
406 736 592 820 artibusque
622 736 792 821 dediderit,
825 738 881 802 sed
907 758 994 803 nunc
1017 738 1134 821 omnia,

121 847 202 908 quae
225 825 329 889 audiit
351 847 460 909 saepe,
489 847 570 908 quae
594 825 688 910 dixit,
711 831 899 910 aspernatur
928 828 1134 911 expulsisque

120 915 294 979 virtutibus
318 914 390 978 aliis
414 915 544 998 pietatis
573 918 622 979 est
648 919 746 980 totus.
792 914 957 1001 Ignoscas,
988 915 1133 981 laudabis
1171 931 1186 980 9

121 1004 231 1086 etiam,
264 1004 291 1067 si
324 1003 532 1090 cogitaveris,
569 1003 646 1086 quid
683 1005 834 1069 amiserit.
893 1003 1012 1069 Amisit
1049 1006 1134 1069 enim

120 1092 235 1175 filiam,
263 1114 344 1176 quae
367 1114 434 1157 non
457 1094 563 1157 minus
587 1114 691 1158 mores
719 1094 786 1158 eius
810 1115 907 1177 quam
935 1115 971 1157 os
995 1095 1134 1158 vultum·

81 1207 106 1248 rc
121 1203 184 1264 que
205 1181 365 1246 referebat
386 1185 556 1266 totumque
583 1186 708 1264 patrem
735 1183 816 1246 mira
847 1183 1057 1247 similitudine
1081 1205 1133 1246 ex·

121 1272 299 1354 scripserat.
345 1269 498 1354 Proinde,
529 1271 557 1335 si
580 1292 659 1353 quas
692 1271 731 1334 ad
759 1294 832 1336 eum
861 1272 898 1335 de
927 1271 1036 1336 dolore
1066 1276 1133 1336 tam
1154 1288 1187 1336 10

120 1360 205 1424 iusto
228 1360 353 1424 litteras
376 1360 499 1443 mittes,
526 1364 687 1425 memento
718 1360 867 1424 adhibere
891 1360 1045 1425 solacium
1068 1383 1135 1424 non

121 1449 212 1532 quasi
240 1449 483 1535 castigatorium
510 1452 542 1513 et
569 1450 665 1514 nimis
688 1450 786 1532 forte,
819 1449 873 1514 sed
897 1450 994 1514 molle
1022 1453 1054 1514 et
1076 1448 1134 1513 hu-

121 1560 261 1602 manum.
312 1536 404 1613 Quod
436 1541 473 1601 ut
503 1537 631 1603 facilius
664 1538 827 1621 admittat,
863 1540 1002 1602 multum
1037 1539 1135 1603 faciet

83 1627 221 1692 11111111
244 1627 399 1710 temporis
423 1626 572 1709 spatium.
604 1625 651 1691 Ut
674 1629 760 1691 enim
783 1626 917 1692 crudum
940 1627 1044 1691 adhuc
1066 1627 1134 1692 vul·
1154 1644 1186 1692 11

122 1738 182 1780 nus
207 1715 403 1780 medentium
431 1738 545 1780 manus
572 1716 772 1793 reformidat,
804 1715 917 1780 deinde
944 1716 1067 1799 patitur
1089 1719 1135 1780 at

122 1826 184 1887 que
207 1805 292 1868 ultro
311 1805 455 1888 requirit,
479 1805 525 1869 sic
542 1825 652 1869 recens
671 1805 770 1869 animi
789 1805 882 1869 dolor
900 1804 1135 1869 consolationes

121 1893 214 1957 reicit
236 1914 273 1957 ac
294 1893 430 1979 refugit,
457 1915 533 1957 mox
557 1893 714 1959 desiderat
741 1898 773 1958 et
797 1895 970 1959 clementer
997 1894 1135 1958 admotis

123 1980 307 2065 adquiescit.
353 1980 443 2048 Vale.

81 2133 107 2172 ac
583 2112 677 2171 XVII.

250 2211 278 2259 0.
302 2210 441 2260 PLINIUS
464 2212 649 2261 vussalclo
673 2213 869 2261 SPURINNAE
894 2212 959 2260 SUO
984 2212 1009 2260 S.

190 2299 278 2385 scio,
302 2305 422 2384 quanto
447 2324 542 2386 opere
570 2303 664 2368 bonis
687 2303 810 2367 artibus
832 2302 954 2387 faveas,
977 2305 1134 2386 quantum
1155 2320 1169 2368 1

123 2392 276 2476 gaudium
309 2390 432 2475 capias,
469 2393 497 2456 si
527 2391 653 2457 nobiles
685 2393 815 2457 iuvenes
848 2392 981 2478 dignum
1013 2391 1135 2474 aliquid

122 2481 298 2545 maioribus
331 2480 398 2544 suis
425 2480 553 2545 faciant.
599 2480 668 2557 Quo
696 2481 902 2545 festinantius
929 2481 1043 2544 nuntio
1075 2480 1136 2543 tibi

82 2596 108 2636 as
122 2569 221 2633 fuisse
234 2592 285 2634 me
299 2568 395 2633 hodie
408 2569 444 2633 in
457 2569 616 2634 auditorio
631 2567 784 2654 Calpurni
798 2569 933 2634 Pisonis.
967 2567 1136 2632 Recitabat
1154 2587 1170 2634 2

122 2669 391 2743 καταστερισμῶν
410 2658 566 2723 eruditam
586 2681 661 2724 sane
682 2658 940 2742 luculentamque
959 2657 1135 2722 materiam.

123 2745 250 2830 Scripta
280 2748 379 2833 elegis
409 2751 478 2812 erat
500 2748 675 2813 fluentibus
706 2753 738 2813 et
767 2749 885 2812 teneris
916 2750 948 2811 et
971 2747 1136 2830 enodibus,

122 2834 315 2901 sublimibus
342 2837 453 2919 etiam,
480 2840 517 2900 ut
543 2838 693 2921 poposcit
719 2838 817 2901 locus.
872 2835 958 2920 Apte
986 2837 1071 2900 enim
1103 2838 1136 2899 11

121 2926 208 2989 varie
240 2945 326 2989 nunc
353 2925 573 3010 attollebatur,
605 2947 691 2991 nunc
722 2925 894 3009 residebat,
927 2925 1051 2989 excelsa
1084 2924 1135 2988 11-

81 3039 108 3079 11
122 3014 253 3097 pressis,
284 3014 379 3078 exilia
402 3016 519 3099 plenis,
547 3017 664 3079 severis
687 3015 826 3079 iucunda
848 3014 1003 3097 mutabat,
1027 3014 1135 3095 omnia

122 3104 252 3188 ingenio
289 3104 367 3187 pari.
420 3101 671 3168 Commendabat
707 3104 785 3169 haec
821 3125 899 3167 voce
937 3104 1169 3185 suavissimae

122 3212 234 3256 vocem
257 3192 461 3278 verecundia,
493 3193 632 3256 multum
656 3193 830 3278 sanguinis,
854 3192 993 3256 multum
1017 3191 1134 3255 solliei-

123 3281 244 3345 tudinis
272 3281 307 3344 iu
334 3302 402 3364 ore,
430 3303 547 3368 magna
577 3286 764 3346 ornamenta
786 3281 958 3346 recitantis.
1004 3279 1134 3344 Etenim

195 3460 210 3508 2
229 3456 398 3525 margaritas
416 3456 527 3525 Dpru,
548 3455 610 3513 Otto
624 3460 688 3526 303,
707 3456 872 3528 margarita
889 3457 939 3520 M,
951 3455 998 3506 K.
1024 3480 1059 3488 —
1082 3451 1161 3496 um

122 3528 230 3594 Dara,
253 3527 320 3594 ouo,
345 3529 390 3582 tus
410 3529 454 3597 M,
470 3529 508 3586 K.
602 3535 640 3586 11
661 3526 867 3587 vesamum
884 3515 1108 3580 11111111

113 3601 149 3647 22
167 3599 342 3666 quantopere
353 3617 416 3670 pr;
434 3603 476 3660 ad
490 3609 623 3677 12.7.17.
