2506 3862
144 200 210 263 312
577 199 607 254 C.
627 199 726 252 PLINI
788 217 789 223 ¹

145 367 201 426 aut
215 363 324 444 civica,
334 363 389 425 sed
405 361 577 427 Graeculus
592 364 745 448 magister
759 363 888 446 assistit,
899 385 994 445 quam
1003 383 1159 447 magnum

145 455 315 515 estunam
340 474 379 515 ex
403 452 553 516 omnibus
576 453 682 535 patrio
705 474 803 535 more,
826 453 931 536 patria
953 452 1072 516 virtute
1094 453 1160 514 lae-

144 541 206 604 tari
225 544 257 604 et
276 540 344 604 sine
363 542 498 624 aemulo,
518 542 585 606 sine
605 543 752 625 exemplo
772 562 879 606 secum
900 544 1029 623 certare,
1048 561 1158 604 secum

145 629 335 714 contendere
364 652 409 712 aa,
437 631 520 694 sicut
547 627 704 714 imperare
732 632 846 713 solum,
873 630 920 694 ita
947 630 1051 695 solum
1079 637 1158 713 esse,

145 719 200 802 qui
224 718 338 783 debeat
360 720 530 803 imperaret

91 804 137 872 ll
209 806 285 872 Non
316 808 510 872 incunabula
541 808 621 872 haec
648 809 717 891 tibi,
746 807 870 891 Caesar,
902 811 934 872 et
964 807 1158 890 mdimenta,

144 917 216 959 cum
239 919 320 980 puer
343 896 514 960 admodum
537 897 689 961 Parthica
710 899 800 961 lauro
823 898 959 983 gloriam
982 896 1084 979 patris
1103 913 1158 959 au-

143 1007 233 1070 geres
256 1007 437 1069 nomenque
461 984 641 1050 Germanici
664 987 729 1050 iam
748 991 817 1050 tum
837 1007 1001 1068 mererere,
1020 1006 1093 1049 cum
1112 985 1158 1048 fe-

142 1075 262 1139 rociam
289 1075 535 1158 superbiamque
562 1074 755 1139 Parthorum
783 1098 823 1139 ex
849 1075 997 1158 proximo
1026 1074 1157 1138 auditus

141 1185 259 1248 magno
278 1167 400 1227 terrore
419 1165 583 1229 cohiberes
602 1163 814 1247 Rhenumque
834 1168 866 1228 et
883 1162 1082 1247 Euphratem
1103 1163 1157 1226 ad-
1171 1191 1199 1230 ro

142 1252 321 1316 mirationis
344 1256 418 1316 tuae
442 1254 594 1317 societate
617 1254 849 1338 coniungeres?
872 1274 945 1316 cum
964 1252 1074 1316 orbem
1094 1256 1156 1316 ter-

141 1363 248 1403 rarum
275 1363 342 1404 non
368 1342 503 1426 pedibus
531 1343 634 1427 magis
664 1364 761 1425 quam
788 1342 937 1406 laudibus
969 1363 1157 1426 peragrares

143 1431 227 1512 apud
250 1451 304 1493 eos
329 1452 454 1514 semper
476 1433 579 1495 maior
602 1436 634 1494 et
657 1432 781 1514 clarior,
806 1431 923 1515 quibus
945 1434 1057 1515 postea
1081 1451 1156 1494 con-

141 1519 291 1602 tigisses?
323 1520 368 1584 Et
386 1520 524 1585 necdum
542 1521 727 1604 imperator,
745 1521 882 1584 necdum
902 1520 952 1584 dei
971 1521 1057 1583 filius
1076 1541 1155 1583 eras.

105 1624 121 1671 2
142 1605 343 1672 Germaniam
353 1610 612 1692 Hispaniamque
626 1631 699 1673 cum
714 1610 871 1693 plurimae
886 1613 996 1694 gentes
1007 1629 1044 1672 ac
1053 1630 1155 1692 prope
1170 1634 1198 1675 15

141 1697 269 1761 infinita
286 1699 420 1762 vastitas
440 1698 656 1763 interiacentis
677 1699 738 1763 soli
756 1704 825 1763 tum
844 1697 1036 1781 Pyrenaeus,
1053 1695 1155 1781 Alpes

140 1786 352 1870 immensique
371 1787 428 1851 alii
446 1792 581 1870 montes,
600 1788 663 1850 nisi
680 1786 731 1851 his
751 1791 985 1871 comparentur,
1003 1787 1155 1851 muniunt

104 1875 367 1959 adirimuntque.
417 1875 479 1940 Per
510 1876 573 1939 hoc
605 1873 699 1940 omne
733 1878 872 1960 spatium
905 1897 977 1940 cum
1010 1876 1155 1960 legiones

141 1964 271 2029 duceres
295 1987 351 2029 seu
373 1966 482 2048 potius
507 1964 610 2052 (tanta
632 1966 786 2029 velocitas
814 1962 895 2051 erat)
923 1986 1060 2048 raperes,
1087 1986 1155 2029 non

139 2053 323 2117 vehiculum
346 2076 510 2137 umquam,
532 2075 599 2117 non
622 2077 739 2138 equum
757 2055 936 2138 respexisti.
973 2053 1067 2118 Levis
1090 2054 1153 2137 hic,
1168 2079 1196 2119 ro

138 2163 205 2204 non
229 2142 409 2206 subsidium
432 2144 566 2225 itineris,
590 2143 645 2207 sed
669 2143 764 2207 decus
787 2144 810 2224 †
829 2147 861 2207 et
884 2164 956 2207 cum
981 2143 1154 2226 subseque-

139 2230 242 2314 batur,
256 2236 293 2295 ut
307 2231 397 2295 cuius
411 2234 519 2296 nullus
533 2232 593 2295 tibi
613 2253 699 2316 usus,
717 2233 780 2296 nisi
799 2253 872 2296 cum
891 2233 942 2296 die
961 2232 1153 2296 stativcmm

137 2321 322 2403 proximum
346 2342 497 2404 eampum
519 2322 683 2385 alacritate
711 2321 872 2386 discursus
899 2324 1031 2405 pulvere
1059 2323 1154 2385 attol-

103 2411 227 2473 tleres.
269 2407 402 2473 Initium
430 2409 550 2474 laboris
578 2411 675 2474 mirer
703 2433 744 2474 an
770 2410 890 2474 finem?
926 2410 1066 2474 Multum
1094 2413 1153 2494 est,

139 2498 225 2581 quod
247 2500 467 2582 perseverasti,
489 2501 562 2583 plus
586 2503 703 2581 tamen,
731 2499 817 2581 quod
843 2521 910 2562 non
937 2499 1083 2582 timuisti,
1110 2522 1152 2563 ne
1166 2519 1193 2564 aa

103 2605 118 2651 a
138 2609 339 2669 perseverare
361 2609 427 2651 non
449 2610 569 2671 posses.
605 2586 674 2652 Nec
698 2588 824 2671 dubito,
848 2589 926 2671 quin
948 2590 1016 2670 ille,
1040 2587 1096 2672 qui
1119 2592 1152 2652 te

138 2678 222 2740 inter
244 2678 301 2741 illa
325 2675 512 2741 Germaniae
535 2678 619 2741 bella
643 2678 682 2741 ab
706 2677 863 2760 Hispania
890 2699 991 2760 usque
1014 2681 1051 2740 ut
1073 2678 1151 2741 vali-

139 2766 306 2829 dissimum
336 2766 531 2849 praesidium
561 2767 734 2849 exciverat,
761 2766 846 2830 iners
874 2767 943 2849 ipse
975 2767 1151 2850 alienisque

137 2855 312 2919 virtutibus
344 2859 422 2919 tunc
454 2877 580 2938 quoque
612 2856 739 2919 invidus
772 2856 954 2938 imperator,
986 2876 1059 2918 cum
1090 2877 1151 2938 ope

138 2965 247 3006 earum
276 2944 442 3029 indigeret,
473 2948 595 3008 tantam
626 2944 870 3008 admirationem
905 2946 953 3007 tui
985 2966 1052 3008 non
1081 2945 1150 3008 sine
1164 2960 1192 3009 aa

138 3031 276 3114 quodam
300 3033 415 3097 timore
439 3033 629 3117 conceperit,
657 3036 809 3116 quantam
837 3033 892 3096 ille
920 3034 1046 3118 genitus
1073 3031 1150 3097 Iove

208 3179 224 3224 4
244 3171 380 3240 imperare
400 3172 498 3238 solum,
517 3173 559 3226 ita
573 3172 663 3226 solum
677 3173 788 3237 Barba,
801 3171 953 3240 imperaret
966 3171 1041 3225 solus
1058 3171 1149 3225 solum

136 3244 178 3297 ita
196 3244 282 3309 codd,
305 3242 427 3311 imperat
446 3243 531 3309 solus,
550 3242 641 3297 solnm
659 3243 700 3296 ita
719 3245 790 3313 cala.
863 3248 878 3294 9
898 3243 1081 3297 barbarorum
1095 3241 1150 3312 pro

136 3315 230 3368 Parth.
246 3315 379 3380 Schwara,
394 3316 462 3369 K.I.
532 3320 565 3369 10
580 3314 744 3383 Euphraten
763 3316 800 3369 K.
869 3320 901 3367 21
925 3315 954 3367 et
972 3331 1036 3367 cnm
1049 3316 1147 3383 pleriq.

136 3387 221 3452 codd,
243 3387 271 3439 et
290 3402 354 3438 cnm
372 3386 471 3438 ceteris
495 3387 554 3440 edd.
573 3387 727 3454 antiquata,
746 3387 815 3449 KJ,
840 3387 869 3438 et
892 3403 955 3439 cum
978 3386 1028 3440 dal.
1048 3387 1150 3455 Haupt

123 3458 221 3509 Hem
247 3457 278 3510 V
279 3461 372 3527 θύη,
392 3457 500 3513 Bam.
515 3461 569 3514 167
573 3474 622 3528 aq,
642 3459 671 3511 et
688 3458 816 3510 tutamen
836 3457 937 3510 Baehr.
961 3458 996 3524 cf.
1016 3457 1092 3527 Vera.
1108 3458 1148 3511 A.

117 3525 150 3573 V
150 3530 219 3593 262,
242 3530 274 3581 et
287 3534 490 3588 ornamentem
505 3532 580 3589 caat.
596 3532 637 3588 K.
643 3532 687 3600 II,
706 3526 896 3600 equitatum?
958 3532 995 3577 ‘it
1012 3527 1154 3578 disemus

87 3591 213 3663 Βαράκ,
235 3599 374 3660 discmsu
395 3609 475 3682 aalq.
557 3613 590 3663 27
612 3605 692 3662 inter
710 3603 779 3673 ipsa
799 3601 836 3654 A.
