2506 3862
374 208 632 265 EPISTULARUM
650 208 702 263 VII
720 214 833 263 ar-ra
1045 208 1107 272 191

98 372 163 437 tius
181 373 323 437 vixisset.
346 372 431 438 Nam
451 374 486 437 in
505 373 622 439 scrinio
646 373 714 437 eius
738 373 831 436 datus
853 394 872 435 a
892 370 972 436 Caro
996 372 1035 436 de
1058 393 1110 435 me

96 462 226 527 libellus
249 462 399 528 inventus
427 467 488 546 est3
518 485 557 527 ex
587 483 650 545 quo
683 460 855 527 coniectari
881 463 1002 545 potest,
1034 460 1110 543 quia

97 551 159 616 reis
187 551 287 615 moris
316 555 365 616 est
392 552 592 616 summittere
619 551 788 634 capillum,
818 549 937 614 recisos
964 571 1109 614 meorum

97 641 231 724 capillos
246 640 381 724 depulsi,
395 640 482 723 quod
495 639 693 722 imminebat,
707 638 841 723 periculi
856 638 983 724 signum
1001 638 1109 703 fuisse.

65 763 83 803 ⁴5
163 728 303 794 Proinde
330 750 424 814 rogo,
448 729 660 794 eruditionem
687 732 777 792 tuam
802 728 957 791 intendas.
1002 726 1110 813 Digna
1129 742 1162 792 15

97 840 147 883 res
171 821 228 901 est,
252 840 348 901 quam
372 818 427 882 diu
450 819 652 901 multumque
676 817 870 900 consideres,
893 838 933 879 ne
957 837 1016 900 ego
1042 816 1109 898 qui-

98 907 169 970 dem
192 906 354 992 indignus,
377 907 429 972 cui
452 908 578 991 copiam
602 907 753 972 scientiae
776 909 850 970 tuae
872 905 979 970 facias.
1020 903 1111 969 Licet
1130 921 1162 970 16

98 996 195 1059 etiam
214 1000 383 1079 utramque
402 996 436 1059 in
454 1001 588 1080 partem,
610 999 648 1058 ut
667 997 759 1078 soles,
778 995 929 1079 disputes,
953 1016 992 1057 ex
1010 995 1110 1058 altera

97 1088 206 1148 tamen
227 1084 353 1168 fortius,
375 1107 416 1148 ne
439 1107 490 1149 me
509 1105 699 1169 suspensum
718 1085 939 1167 incertumque
958 1083 1110 1165 dimittas,

56 1207 84 1248 10
97 1194 172 1326 pprp
186 1171 266 1237 mihi
281 1174 468 1238 consulendi
483 1195 578 1239 causa
591 1173 698 1256 fuerit,
714 1176 750 1237 ut
765 1173 911 1237 dubitare
926 1173 1110 1237 desinerem.

129 1284 148 1326 a
161 1283 186 1327 e.

535 1374 674 1434 XXVIII.

348 1475 375 1522 c.
398 1475 537 1522 ramus
562 1475 721 1522 ssemoro
746 1474 810 1522 suo
835 1473 861 1521 s.

162 1563 221 1631 Ais
236 1565 391 1649 quosdam
406 1566 491 1650 apud
504 1570 536 1630 te
549 1564 798 1649 reprehendisse,
812 1568 976 1646 tamquam
991 1563 1110 1628 amicos
1131 1582 1145 1629 1

57 1686 83 1728 15
97 1676 187 1719 meos
211 1677 250 1719 ex
274 1656 362 1719 omni
387 1655 553 1720 occasione
576 1656 661 1719 ultra
683 1654 815 1718 modum
833 1653 970 1717 laudem.
1002 1650 1145 1737 signo-2

98 1765 151 1808 sco
181 1744 320 1827 crimen,
351 1746 528 1829 amplector
555 1744 660 1808 etiam.
716 1741 800 1819 Quid
831 1742 916 1807 enim
944 1741 1110 1805 honestius

98 1832 192 1915 culpa
215 1832 446 1919 benignitatis?
478 1831 541 1909 Qui
570 1837 645 1898 sunt
676 1837 784 1897 tamen
813 1832 885 1915 isti,
908 1831 964 1914 qui
990 1831 1110 1895 amicos

98 1941 187 1984 meos
209 1942 258 1985 me
279 1922 394 1987 melius
417 1923 547 1987 norint?
571 1920 643 2005 Sed,
665 1925 703 1986 ut
724 1921 843 2004 norint,
867 1920 944 2003 quid
965 1919 1111 1983 invident

98 2009 179 2072 mihi
202 2009 388 2075 felicissimo
412 2012 539 2076 errore?
568 2009 615 2076 Ut
638 2011 723 2075 enim
746 2031 812 2074 non
836 2010 900 2074 sint
922 2010 1012 2092 tales,
1035 2029 1111 2091 qua-

57 2131 84 2171 20
97 2099 144 2162 les
164 2121 187 2162 a
209 2121 261 2163 me
279 2100 516 2183 praedicantur,
547 2121 607 2185 ego
631 2104 739 2164 tamen
762 2100 888 2181 beatus,
921 2098 1008 2180 quod
1030 2097 1110 2161 mihi

97 2188 256 2251 videntur.
301 2186 406 2274 lgitur
435 2190 476 2253 ad
503 2190 583 2253 elios
610 2189 694 2253 hanc
724 2189 885 2253 sinistram
910 2185 1145 2272 diligentiama

98 2277 277 2362 conferant,
309 2299 369 2342 nec
392 2281 467 2342 sunt
488 2301 602 2362 parum
626 2278 733 2360 multi,
761 2277 816 2359 qui
840 2298 968 2360 carpere
990 2276 1110 2339 amicos

98 2386 173 2431 suos
190 2366 345 2431 iudicium
363 2370 493 2451 vocant,
515 2366 595 2430 mihi
613 2388 789 2450 numquam
807 2364 1052 2450 persuadebunt,
1075 2366 1111 2426 ut

98 2477 187 2520 meos
210 2457 311 2520 amari
333 2479 352 2520 a
375 2478 426 2520 me
449 2456 545 2521 nimis
568 2478 721 2539 umquam
744 2458 863 2539 putem.
910 2453 999 2517 Vale.

58 2644 84 2686 rs
553 2620 658 2678 XXIX.

344 2722 373 2768 C.
396 2721 535 2769 PLINIUS
559 2720 729 2769 MONTANO
754 2719 819 2767 SUO
843 2719 869 2766 S.

165 2809 308 2895 Ridebis,
332 2812 445 2875 deinde
468 2810 698 2897 indignaberis,
726 2809 839 2873 deinde
862 2808 994 2891 ridebis,
1018 2808 1046 2871 si
1066 2809 1145 2873 lc-1

100 2900 198 2985 geris,
229 2900 315 2983 quod
341 2901 405 2965 nisi
424 2902 554 2985 legeris,
581 2922 647 2964 non
673 2902 765 2983 potes
793 2898 927 2963 credere.
972 2896 1033 2961 Est
1058 2896 1145 2960 viaa

99 2989 269 3053 Tiburtina
301 2990 385 3053 intra
416 2990 556 3073 primum
587 2988 726 3073 lapidem
757 2985 917 3071 (proxime
944 2983 1110 3070 adnotavi)

60 3106 86 3146 co
100 3079 336 3143 monimentum
359 3076 515 3142 Pallantis
542 3078 588 3142 ita
611 3077 816 3160 inscriptum:
835 3132 837 3137 .
862 3074 959 3140 ‘Huic
982 3079 1110 3139 senatus

101 3168 142 3230 ob
166 3167 262 3231 fidem
285 3168 502 3251 pietatemque
530 3188 605 3252 erga
631 3170 784 3250 patronos
814 3168 1000 3228 ornamenta
1022 3184 1110 3246 prae-

99 3257 183 3319 toria
206 3257 346 3320 decrevit
369 3261 401 3321 et
424 3257 605 3320 sestertium
629 3255 748 3319 centies
772 3254 997 3338 quinquagies,
1020 3252 1110 3316 cuius

99 3344 221 3409 honore
245 3349 414 3410 contentus
436 3345 519 3409 suit'
549 3344 709 3428 Equidem
732 3363 908 3425 numquam
927 3364 998 3406 sum
1017 3341 1111 3404 mira-
1130 3356 1145 3404 3

168 3524 203 3571 18
219 3535 265 3573 me
279 3520 343 3575 add.
360 3522 525 3579 Mommsen.
602 3528 643 3580 ‘24
658 3521 751 3578 nimis
762 3533 903 3588 unquam
912 3501 1164 3577 Dbhfflw

87 3589 183 3640 autem
202 3591 246 3656 M,
265 3591 388 3648 nimium
409 3613 437 3664 a,
458 3597 501 3654 K.
