2506 3862
403 230 842 288 urnrumnuuvme-e.
1064 232 1165 298 203.

117 418 177 482 ego
201 392 358 484 (paenitet
381 393 556 484 tarditatis)
583 397 730 482 proxime
752 397 827 462 vidi
866 395 1015 462 Modicus
1038 397 1166 463 collisa

116 486 262 571 adsurgit
284 485 417 568 antiqua
439 506 589 571 cupresso
612 507 801 552 nemorosus
824 490 858 551 et
875 507 1003 570 opacus
1033 485 1131 552 Hunc

117 575 227 640 subter
250 575 317 639 exit
338 574 412 639 fons
435 579 468 640 et
491 575 682 660 exprimitur
707 576 855 659 pluribus
878 575 984 658 vonis,
1007 575 1063 640 sed
1084 576 1131 639 in-
1202 602 1205 608 ·

116 664 257 748 paribus,
276 664 506 747 eluctatusque,
526 664 722 748 quemfecit,
741 664 903 750 gurgitem
921 665 988 729 lato
1009 664 1131 749 gremio

90 753 252 838 spatescit
274 774 374 839 purus
397 757 430 818 et
451 755 582 838 vitreus,
604 757 642 818 ut
663 775 831 818 numerare
854 754 954 819 iactas
977 753 1077 837 stipes
1100 757 1133 818 et

116 842 288 906 relucentis
315 843 456 908 calculos
482 843 596 927 possis.
641 841 720 907 Inde
751 864 818 907 non
848 843 913 908 loci
943 842 1167 925 devexitate,a

118 931 173 996 sed
196 931 266 1015 ipsa
288 931 339 996 sui
361 932 455 1016 copia
478 936 510 997 et
533 932 626 1016 quasi
643 930 784 1015 pondere
802 932 969 1016 inpellitur
987 932 1060 996 fons
1079 930 1132 995 ad·

116 1020 181 1084 huc
204 1023 236 1084 et
258 1020 323 1084 iam
346 1021 581 1105 amplissimum
605 1019 726 1085 flumen
748 1024 845 1105 atque
873 1022 970 1086 etiam
1000 1020 1132 1085 navium
1233 1068 1244 1079 .

116 1110 256 1193 patiens,
287 1130 367 1192 quas
396 1110 507 1175 obvias
531 1131 660 1194 quoquo
688 1113 720 1174 et
743 1111 903 1175 contrario
933 1110 1007 1174 nisu
1029 1109 1064 1173 in
1087 1109 1133 1172 di-

79 1219 210 1267 reversa
232 1198 399 1263 tendentes
421 1199 613 1264 transmittit
635 1203 668 1263 et
688 1199 817 1283 perfert,
840 1198 919 1264 adeo
937 1199 1072 1282 validus,
1095 1201 1133 1262 ut

118 1288 183 1371 illa,
206 1309 269 1371 qua
291 1292 442 1371 properat
465 1289 543 1372 ipse,
566 1309 762 1371 quamquam
784 1311 842 1372 per
865 1289 969 1353 solum
988 1289 1131 1372 planum,

116 1377 213 1442 remis
235 1398 302 1442 non
324 1377 506 1460 adiuvetur,
536 1377 622 1442 idem
645 1377 820 1462 aegerrime
843 1377 940 1441 remis
964 1377 1132 1460 contisque

117 1470 284 1550 superetur
315 1465 474 1531 adversus.
518 1463 699 1531 Iucundum
732 1469 904 1550 utrumque
935 1488 993 1549 per
1025 1466 1168 1532 iocum4

115 1555 291 1638 ludumque
319 1554 538 1638 fluitantibus,
569 1559 606 1620 ut
632 1555 781 1621 flexerint
813 1576 956 1637 cursum,
987 1555 1132 1619 laborem

77 1671 103 1712 15
117 1645 194 1727 otio,
218 1645 321 1709 otium
338 1645 449 1709 labore
467 1644 598 1709 variare.
630 1644 732 1728 Ripae
750 1644 877 1708 fraxino
896 1644 1008 1727 multa,
1029 1644 1133 1707 multa

116 1734 237 1817 populo
265 1733 461 1817 vestiuntur,
484 1755 563 1816 quas
590 1734 778 1818 perspicuus
806 1733 909 1797 amnis
936 1733 1026 1796 velut
1053 1753 1134 1796 mer·

117 1843 168 1885 sas
191 1821 288 1885 viridi
310 1822 451 1907 imagine
474 1820 672 1886 adnumerat.
712 1821 815 1907 Rigor
838 1842 940 1905 aquae
964 1820 1133 1885 certaverit

117 1910 255 1992 nivibus,
277 1931 337 1975 noc
360 1912 449 1975 color
471 1910 564 1975 cedit.
596 1908 732 1975 Adiacet
755 1912 912 1994 templum
935 1910 1077 1994 priscum
1101 1912 1134 1974 et
1152 1925 1168 1974 5

117 1999 313 2084 religiosum.
359 1997 432 2064 Stat
459 1997 642 2065 Clitumnus
668 2000 737 2083 ipse
767 2000 904 2071 amictus
937 2002 1133 2081 ornatusque

77 2115 103 2154 ao
117 2091 290 2172 praetexta.
336 2087 490 2153 Praesens
512 2110 633 2153 numen
655 2092 752 2172 atque
775 2090 872 2153 etiam
895 2087 1063 2152 fatidicum
1086 2088 1133 2151 in-

118 2177 226 2241 dicant
248 2179 359 2241 sortes
392 2175 509 2261 Sparsa
528 2181 604 2242 sunt
626 2178 710 2242 circa
733 2179 850 2243 sacella
872 2178 1039 2261 complura
1058 2177 1133 2240 toti·

117 2267 253 2349 demque
277 2266 318 2329 di.
364 2264 429 2331 Sua
452 2267 568 2350 cuique
590 2267 768 2350 veneratio,
791 2288 885 2331 suum
908 2286 1041 2348 nomen,
1064 2265 1134 2348 qui·

117 2354 253 2421 busdam
276 2376 352 2420 vero
376 2356 473 2420 etiam
496 2356 611 2421 fontes.
656 2354 742 2421 Nam
770 2359 897 2439 praeter
924 2355 1017 2419 illum
1041 2353 1134 2436 quasi

117 2448 282 2528 parentem
306 2447 486 2509 ceterorum
509 2449 585 2509 sunt
607 2444 747 2509 minores
772 2444 876 2528 capite
903 2442 1047 2526 diseret13
1077 2440 1133 2506 sed

76 2559 103 2599 ar
117 2532 244 2597 flumini
256 2533 441 2617 miscentur,
456 2533 543 2616 quod
556 2537 655 2617 ponte
668 2533 908 2598 transmittitur.
930 2531 963 2597 Is
977 2531 1134 2596 terminus
1153 2550 1169 2598 c

118 2623 200 2686 sacri
212 2622 412 2707 profanique.
434 2619 474 2686 In
488 2622 651 2706 superiore
665 2625 756 2707 parte
769 2622 921 2707 navigare
935 2625 1073 2703 tantum,
1085 2620 1133 2687 in.-

116 2711 166 2775 fra
176 2712 272 2774 etiam
281 2715 392 2776 natare
402 2731 597 2775 concessum.
619 2711 789 2775 Balineum
800 2709 1005 2795 Hispellates,
1015 2709 1133 2793 quibus

117 2800 210 2864 illum
229 2799 338 2863 locum
359 2800 453 2886 divus
473 2796 640 2885 Augustus
666 2800 752 2865 dono
773 2799 870 2883 dedit,
894 2799 1024 2883 publice
1044 2819 1134 2882 prae-

117 2889 208 2972 bent,
230 2889 385 2972 praebent
408 2892 441 2952 et
462 2887 650 2972 hospitium.
695 2887 764 2954 Nec
785 2888 901 2954 desunt
923 2889 1028 2971 villae,
1052 2908 1133 2970 quae

77 3004 104 3044 eo
118 2981 245 3042 secutae
253 2977 395 3042 fluminis
403 2977 631 3042 amoenitatem
638 2979 777 3064 margini
787 2979 948 3043 insistunt.
958 2975 1133 3042 lusumma
1154 2994 1168 3043 7

117 3067 200 3131 nihil
219 3067 288 3149 erit,
303 3089 342 3131 ex
357 3087 421 3150 quo
440 3087 507 3130 non
521 3066 628 3150 capias
641 3067 852 3150 voluptatem.
888 3064 974 3130 Nam
988 3064 1133 3130 studebis

119 3176 260 3240 quoque,
278 3157 366 3241 leges
384 3156 487 3219 multa
511 3156 688 3220 multorum
707 3156 857 3220 omnibus
878 3155 1047 3237 columnis,
1067 3176 1134 3219 om·

118 3245 213 3309 nibus
242 3245 419 3329 parietibus
450 3245 617 3328 inscripta,
650 3245 767 3328 quibus
798 3245 871 3309 fons
904 3245 959 3309 ille
992 3244 1134 3326 deusque

120 3334 306 3398 celebratur.
328 3332 426 3398 Plura
439 3333 596 3417 laudabis,
609 3354 676 3398 non
688 3334 778 3398 nulla
790 3334 923 3417 ridebis,
937 3352 1134 3416 quamquam

81 3446 107 3487 as
121 3425 157 3486 tu
179 3445 265 3506 vero,
288 3444 370 3506 quae
385 3427 449 3487 ‘tua
471 3421 664 3507 humanitas,
685 3423 777 3488 nulla
797 3422 933 3488 ridebis.
970 3419 1075 3482 aare.

481 3564 487 3577 .
661 3565 668 3579 ,
799 3565 805 3577 ,
1088 3545 1095 3556 .
1151 3537 1196 3584 g,

106 3628 182 3681 urm
188 3560 415 3690 iiiieetdtisqii
427 3563 715 3709 ticliffiiiquii’
722 3559 985 3700 sli'dfiipniiffiii
992 3592 1026 3674 b.
1033 3549 1203 3674 sieffiu
1216 3629 1224 3640 .
