2506 3862
139 223 205 288 246
575 221 602 276 O.
622 221 720 276 PLINI

138 387 223 450 blica
259 386 352 450 novis
385 385 566 469 sumptibus
598 385 801 450 atterebatur.
856 385 1023 450 Postremo
1059 387 1150 450 locus

139 476 207 559 ipse
231 475 372 558 quietem
396 497 486 539 suam
510 478 730 558 secretumque
753 475 913 559 perdebat.
950 473 1077 539 Placuit
1100 495 1152 538 oc·

86 581 117 629 11
140 565 224 630 culte
247 565 398 650 interfici,
421 565 461 629 ad
485 565 572 647 quod
596 565 749 629 coibatur.
795 563 883 629 Haec
910 568 946 628 tu
972 586 1035 647 qua
1058 564 1150 627 mise-

137 655 275 738 ratione,
303 676 366 737 qua
394 653 486 737 copia
514 653 659 737 deflebis,
687 653 829 737 ornabis,
856 654 997 718 attollcsl
1035 651 1150 729 Quam-

139 765 236 826 quam
268 764 334 807 non
367 747 415 807 est
447 765 527 825 opus
561 743 704 827 adfingas
741 742 863 825 aliquid
900 746 955 807 aut
991 742 1150 826 adstruas3
1179 771 1191 810 5

139 833 270 916 sufficit,
293 855 333 896 ne
356 854 402 916 ea,
426 853 507 915 quae
530 835 606 896 sunt
627 854 712 915 1616,
734 832 927 895 minuantur.
965 830 1053 895 Vale.

578 997 711 1055 XXXIV.

355 1096 546 1145 6111111116
571 1096 795 1157 1111611116
821 1095 886 1144 suo
911 1096 937 1144 s,

103 1205 116 1252 1
203 1187 339 1272 Explica
371 1192 494 1252 aestum
527 1210 642 1252 meum.
688 1186 795 1251 Audio
828 1209 879 1251 me
916 1188 999 1251 male
1035 1189 1150 1273 legere,

138 1278 305 1341 dumtaxat
327 1299 451 1362 versus,
475 1278 635 1341 orationes
659 1277 743 1341 enim
773 1277 948 1359 commode,
976 1277 1031 1340 sed
1058 1280 1150 1340 tanto
1166 1304 1192 1344 10

137 1366 243 1430 minus
280 1389 399 1430 versus.
455 1365 569 1452 Cogito
607 1388 683 1452 ergo
715 1367 905 1430 recitaturus
937 1365 1150 1430 familiaribus

136 1455 247 1519 amicis
268 1455 403 1539 experiri
421 1456 574 1520 libertum
595 1478 710 1519 meum.
747 1453 820 1519 Hoc
838 1476 966 1538 quoque
983 1455 1150 1538 familiare,

137 1545 224 1626 quod
252 1546 333 1631 elegi
360 1567 427 1609 non
454 1546 544 1628 bene,
572 1545 627 1608 sed
654 1544 768 1608 melius
796 1542 964 1627 lecturum,
992 1544 1018 1608 si
1042 1548 1150 1608 tamen

101 1649 202 1697 anon
229 1634 327 1698 fuerit
353 1634 567 1717 perturbatus.
613 1633 674 1697 Est
704 1633 789 1697 enim
819 1636 886 1697 tam
915 1655 1018 1697 novus
1048 1635 1151 1697 lector

138 1745 234 1806 quam
255 1745 314 1808 ego
333 1728 436 1807 poeta.
473 1720 547 1806 Ipse
565 1723 682 1806 nesci0,
702 1722 779 1806 quid
797 1723 854 1786 illo
875 1723 1001 1808 legente
1019 1722 1149 1786 interim
1165 1750 1190 1790 11

136 1812 262 1897 faciam,
281 1813 407 1877 sedeam
427 1812 549 1876 defixus
570 1816 601 1876 et
619 1815 727 1875 mutus
747 1815 779 1876 et
798 1811 911 1875 similis
931 1812 1034 1875 otioso
1054 1834 1095 1875 an
1113 1816 1150 1875 ut

137 1902 277 1984 quidam,
314 1923 395 1985 quae
430 1901 662 1984 pronuntiabit,
698 1923 869 1983 murmure,
906 1900 1016 1984 oculis,
1053 1923 1151 1964 manu

136 2011 318 2074 prosequar.
357 1989 419 2054 Sed
437 1993 522 2074 puto¹
536 2013 588 2054 me
605 2011 671 2054 non
690 1990 795 2054 minus
815 1990 897 2053 male
919 1991 1034 2053 saltare
1053 2011 1150 2073 quam

136 2080 250 2163 legere.
295 2076 416 2143 Iterum
442 2079 555 2162 dicam,
580 2079 704 2162 explica
727 2083 850 2143 aestum
878 2100 985 2142 meum
1013 2101 1150 2162 vereque

136 2167 283 2251 rescribe,
306 2191 383 2232 num
407 2168 449 2232 sit
472 2168 586 2232 melius
609 2169 747 2250 pessime
769 2169 875 2252 legere
894 2190 990 2251 quam
1014 2168 1075 2231 ista
1098 2169 1151 2231 161
1165 2195 1191 2234 ao

136 2256 328 2321 nonfacere
351 2258 403 2321 vel
425 2256 537 2321 facere.
575 2255 663 2321 Vale.

583 2403 700 2461 XXXV.

412 2503 733 2552 6111111116111116
759 2502 823 2551 suo
848 2504 874 2551 s.

103 2610 117 2657 1
204 2594 347 2679 Librum,
370 2617 466 2678 quem
490 2594 616 2678 misisti,
634 2594 740 2678 recepi
764 2597 796 2658 et
819 2593 938 2680 gratias
963 2615 1032 2679 ago.
1071 2592 1149 2657 Sum

137 2688 246 2748 tamen
263 2684 326 2749 hoc
345 2689 489 2768 tempore
508 2684 781 2766 occupatissimus.
818 2681 895 2746 Ideo
913 2683 1056 2746 nondum
1076 2705 1191 2748 6111116

137 2772 212 2858 legi,
235 2795 308 2837 cum
331 2773 453 2856 alioqui
475 2772 670 2837 validissime
694 2773 828 2856 cupiam.
876 2769 938 2835 Sed
966 2794 1036 2835 eam
1063 2793 1149 2835 reve-

138 2862 273 2925 rentiam
298 2883 371 2926 cum
394 2863 510 2926 litteris
533 2862 611 2944 ipsis
634 2865 704 2925 tum
733 2861 860 2944 scriptis
887 2861 952 2924 tuis
980 2860 1090 2943 deboc,
1113 2863 1150 2923 ut

139 2973 263 3014 sumere
299 2951 355 3014 illa
391 2951 454 3015 nisi
489 2972 590 3014 vacuo
628 2951 735 3014 animo
772 2949 993 3034 inreligiosum
1029 2953 1149 3032 putem.

103 3054 118 3101 2
139 3038 348 3124 Diligentiam
371 3044 460 3104 tuam
479 3039 513 3102 in
531 3039 740 3104 retractandis
759 3039 909 3122 operibus
927 3038 1020 3102 valde
1038 3038 1148 3121 probo.

138 3128 199 3192 Est
226 3131 335 3191 tamen
363 3129 478 3212 aliquis
506 3129 635 3212 modus,
661 3129 802 3212 primum
831 3127 918 3211 quod
944 3127 1045 3191 nimia
1075 3148 1150 3191 cura
1164 3153 1191 3193 ao

141 3217 255 3282 deterit
282 3219 385 3303 magis
414 3240 510 3301 quam
538 3217 698 3300 emendat,
726 3217 839 3281 deinde
867 3217 953 3300 quod
980 3238 1039 3280 nos
1063 3239 1081 3279 a
1103 3238 1149 3279 re·

142 3306 336 3371 centioribus
368 3310 497 3371 revocat
529 3307 687 3389 simulque
718 3327 778 3370 nec
809 3306 948 3369 absolvit
979 3305 1086 3389 priora
1118 3308 1150 3368 61

131 3396 290 3459 inchoare
307 3396 491 3480 posteriora
512 3416 579 3461 non
600 3399 656 3478 pat
643 3395 731 3460 titur.
766 3393 855 3458 Vale.

182 3532 989 3608 106611611οά11,66116,Κ.ΙΙ,661611161”1111,161Κ.,1
1004 3532 1155 3583 commodas

89 3595 185 3663 etl),
209 3609 401 3666 commodius
423 3613 529 3685 etpr.
611 3579 750 3684 11161161
769 3609 801 3664 61
818 3623 872 3664 ora
890 3601 1062 3673 1166111
