2506 3862
400 216 658 271 EPISTULARUM
676 217 714 270 IX
733 222 847 273 11-14.
1064 215 1127 280 231

567 384 676 444 ΧΧΠΙ.

379 485 731 534 1111111111111116
756 485 821 534 116
846 485 872 534 s.

181 566 378 650 Frequenter
400 568 509 652 agenti
532 566 612 631 mihi
635 568 809 649 6111111111
833 567 1032 649 centumviri,
1056 588 1128 631 cum
1149 587 1162 634 1

116 657 170 720 diu
201 679 235 720 16
265 657 348 720 intra
375 657 518 720 iudicum
548 657 772 721 auctoritatem
802 657 1056 742 gravitatemque
1084 661 1129 720 te·

89 746 274 828 snuissent‚
303 767 413 809 omnes
436 750 566 829 repente
597 746 788 829 quasivicti
813 745 978 829 coactique
1002 767 1130 809 consur-

116 839 228 920 gerent
249 835 493 918 laudatamque,
521 835 704 918 frequenter
727 857 744 899 e
768 839 880 899 senatu
902 835 1031 918 famam,
1054 856 1130 918 qua·
1149 854 1176 901 1-

114 925 180 988 lem
203 924 342 988 maxime
366 927 559 1007 optaveram,
582 925 706 1003 rettuli,
732 946 909 1007 numquam
933 928 1042 988 tamen
1065 945 1130 987 ma-

116 1013 218 1077 iorem
243 1014 312 1095 cepi
339 1014 538 1096 voluptatem
570 1035 666 1096 quam
693 1035 796 1096 nuper
823 1036 861 1077 ex
886 1035 1032 1078 sermone
1056 1010 1130 1077 Cor-

116 1102 182 1165 neli
191 1100 302 1166 Taciti.
324 1100 485 1166 Narrabat
500 1102 618 1167 sedisse
633 1124 742 1167 secum
762 1103 955 1166 circensibus
973 1102 1129 1186 proximis
1150 1108 1158 1121 ⁴

77 1219 103 1260 10
117 1191 257 1274 equitem
295 1189 486 1255 Romanum.
540 1189 637 1256 Hunc
672 1195 747 1274 post
782 1192 887 1256 varios
925 1192 1130 1274 eruditosque

118 1301 280 1344 sermones
303 1281 488 1363 requisisse:
526 1278 669 1345 ‘Italicus
693 1303 726 1345 es
750 1302 791 1344 an
813 1281 1052 1364 provincialis?
1090 1277 1131 1344 Se

117 1369 332 1452 respondisse:
357 1367 464 1433 ‘Nosti
487 1391 539 1433 me
562 1373 594 1433 61
618 1371 746 1453 quidem
771 1392 809 1433 ex
829 1370 963 1435 studiis?
993 1368 1046 1434 Ad
1068 1370 1132 1433 hoc
1151 1389 1166 1436 3

116 1458 224 1523 illum:
247 1457 389 1522 ‘Tacitus
409 1481 442 1523 es
461 1481 503 1522 an
516 1458 675 1522 Plinius?'
697 1458 887 1542 Exprimere
905 1481 972 1523 non
989 1481 1131 1543 possum,

118 1569 215 1630 quam
244 1547 286 1610 sit
308 1547 483 1610 iucundum
507 1547 601 1631 mihi,
634 1547 720 1631 quod
742 1549 874 1612 nomina
900 1551 1010 1612 nostra
1041 1549 1132 1631 quasi

78 1663 104 1706 11
117 1637 297 1700 litterarum
310 1637 449 1719 propria,
458 1658 524 1700 non
537 1637 716 1720 hominum,
724 1637 840 1701 litteris
850 1637 1035 1720 redduntur,
1045 1636 1132 1720 quod

118 1729 252 1809 uterque
284 1730 430 1789 nostrum
463 1726 513 1790 his
546 1727 643 1790 etiam
671 1727 847 1809 exxstudiis
875 1730 985 1809 notus,
1015 1726 1131 1809 quibus

118 1813 212 1878 aliter
234 1814 365 1899 ignotus
389 1818 444 1879 est.

185 1901 313 1967 Accidit
343 1903 430 1967 aliud
459 1906 532 1967 ante
562 1903 716 1986 pauculos
744 1902 810 1968 dies
839 1904 952 1968 simile.
996 1903 1168 1970 Recum-4

119 1994 216 2057 bebat
239 2014 365 2058 mecum
388 1993 437 2056 vir
456 1993 613 2078 egregius,
635 1991 752 2056 Fadius
771 1992 918 2075 Rufinus,
941 2015 1036 2077 super
1059 2014 1132 2056 eum

79 2109 106 2150 ao
120 2082 286 2166 municeps
300 2083 411 2165 ipsius,
430 2083 486 2166 qui
504 2082 561 2145 illo
581 2081 631 2145 die
649 2082 789 2165 primum
803 2086 934 2147 venerat
952 2083 987 2145 in
1004 2082 1133 2164 urbem3

121 2171 172 2236 cui
199 2171 336 2235 Rufinus
370 2172 591 2235 demonstrans
624 2194 689 2235 me:
721 2169 832 2235 ‘Vides
864 2170 984 2235 huno?
1030 2171 1134 2234 Multa

120 2260 234 2325 deinde
259 2260 297 2324 de
320 2260 434 2325 studiis
458 2261 586 2324 nostris.
618 2258 662 2323 Et
684 2261 752 2324 illa:
776 2259 911 2324 ‘Plinius
936 2260 995 2324 est’
1019 2260 1132 2343 inquit.

120 2348 242 2413 Verum
265 2349 406 2432 fatebor,
439 2351 529 2434 capio
558 2371 712 2435 magnum
740 2349 860 2413 laboris
890 2350 954 2413 mei
983 2349 1168 2414 fructum.5

120 2435 182 2521 An,
206 2439 232 2502 si
246 2437 479 2520 Demosthenes
502 2440 571 2503 iure
593 2440 730 2502 laetatus
754 2442 810 2522 est,
834 2438 920 2521 quod
938 2439 1031 2502 illum
1054 2461 1133 2502 anus

81 2552 107 2593 11
121 2523 231 2590 Attica
262 2528 308 2590 ita
339 2528 525 2592 noscitavit:
559 2523 679 2604 Ὃῦτός
708 2526 776 2592 ἐστι
799 2525 1042 2611 Λημοσθένης’,
1074 2548 1133 2611 ego

122 2616 305 2679 celebritate
327 2616 466 2680 nominis
490 2617 553 2680 mei
576 2617 714 2702 gaudere
737 2639 802 2680 non
822 2617 944 2680 debeo?
966 2615 1038 2701 Ego
1058 2637 1133 2679 1616

122 2708 153 2769 11
177 2704 300 2790 gaudeo
325 2709 357 2769 et
379 2706 517 2791 gaudere
536 2728 587 2770 me
606 2705 687 2770 dico,
713 2704 828 2789 Neque
848 2705 932 2770 enim
952 2727 1071 2788 vereor,
1094 2727 1134 2769 ne
1154 2722 1170 2770 6

120 2794 292 2858 iactantior
313 2793 435 2877 videar,
468 2816 540 2858 cum
565 2794 603 2858 de
626 2817 677 2858 me
708 2795 844 2859 aliorum
872 2794 1040 2877 iudicium,
1069 2815 1135 2858 non

120 2906 229 2948 meum
253 2882 394 2967 profore,
416 2884 603 2967 praesertim
626 2884 711 2967 apud
733 2888 780 2967 te,
808 2883 864 2968 qui
885 2905 945 2948 nec
967 2884 1065 2948 ullius
1088 2885 1135 2948 in-

82 2973 211 3039 arrides
234 2971 383 3036 laudibus
407 2975 439 3036 et
461 2972 548 3036 faves
571 2973 698 3036 nostris.
744 2971 833 3038 Vale.

577 3119 682 3177 XXIV.

359 3219 386 3266 c.
410 3217 549 3266 1111111
574 3219 760 3267 saumuro
784 3218 849 3266 suo
874 3219 900 3268 s.
989 3213 991 3218 ’

188 3301 276 3365 Bene
298 3301 418 3384 fecisti,
446 3301 531 3384 quod
558 3300 710 3365 libertum
737 3300 908 3384 aliquando
936 3301 996 3365 tibi
1027 3322 1135 3364 carum

122 3390 346 3455 reducentibus
371 3390 515 3474 epistulis
539 3390 618 3454 meis
642 3390 676 3453 in
699 3390 839 3473 domum,
864 3391 900 3454 in
922 3390 1070 3454 animum
1088 3413 1136 3449 re-

194 3533 210 3580 9
234 3545 328 3585 seeum
352 3530 416 3586 circ.
444 3548 525 3602 prox.
555 3532 647 3606 equit.
668 3532 761 3589 116111.
784 3532 906 3598 111111,
925 3523 1031 3582 ΚΠ,
1056 3531 1092 3564 *2
1114 3525 1189 3558 m

114 3598 237 3663 quodam
258 3599 328 3656 Girc.
346 3621 428 3674 prox.
454 3608 499 3677 M,
517 3608 592 3665 KJ.
