2506 3862
126 217 191 282 340
363 258 366 263 .
561 216 589 271 C.
608 215 706 270 PLINI

126 387 253 466 tempus
286 383 451 465 epularum
484 386 621 462 tuarum,
654 401 727 444 eum
758 380 927 465 frugalitas
959 379 1138 461 contrahat,

91 471 270 537 sextendit
301 470 505 534 humanitas?
550 468 627 533 Non
658 471 743 534 enim
775 475 849 533 ante
881 469 1022 533 medium
1052 469 1138 533 diem

126 561 284 625 distentus
305 561 448 624 solitaria
467 581 544 624 11111
563 562 723 642 spectator
741 559 974 642 adnotatorque
993 559 1138 622 convivis

126 650 190 714 tuis
222 650 370 713 immines
397 670 456 713 nec
483 649 598 713 ieiunis
627 653 659 711 et
686 649 835 712 inanibus
862 649 976 731 plenus
1005 649 1074 731 ipse
1106 652 1139 711 et

126 743 254 804 ructans
277 760 343 803 non
365 742 431 801 tam
455 738 590 820 apponis
615 757 712 819 quam
737 737 837 802 obicis
861 737 958 820 cibos,
982 758 1061 819 quos
1086 737 1139 800 (11
1169 761 1180 800 1

127 829 267 914 digneris
290 827 456 912 attingere,
480 846 637 910 aegreque
659 848 828 909 perpessus
854 827 1024 909 superbam
1047 826 1139 889 illam

129 918 295 982 convictus
318 917 555 980 simulationem
578 936 688 979 rursus
710 918 743 978 te
766 914 806 978 ad
832 915 1060 979 clandestinam
1085 937 1141 1000 ga-

93 1025 108 1072 7
127 1029 221 1072 neam
241 1007 464 1086 occultumque
482 1006 595 1068 luxum
612 1004 720 1068 refers.
756 1003 844 1088 Ergo
862 1026 929 1067 non
946 1026 1059 1066 aurum
1078 1026 1140 1069 1111

127 1099 295 1180 argentum
309 1115 368 1158 nec
382 1095 540 1176 exquisita
553 1094 684 1177 ingenia
698 1115 857 1175 cenarum,
876 1095 932 1157 sed
946 1093 1139 1156 suavitatem

127 1188 216 1249 tuam
238 1183 533 1265 iucunditatemque
555 1183 718 1264 miramur,
749 1183 864 1264 quibus
891 1182 980 1246 nulla
1007 1182 1140 1246 satietas
1156 1206 1183 1245 11

127 1275 225 1356 adest,
240 1271 366 1356 quando
382 1272 504 1336 sincera
518 1273 625 1336 omnia
646 1276 678 1336 et
695 1294 770 1335 vera
789 1276 821 1335 11
840 1276 952 1335 ornata
971 1272 1139 1356 gravitate.

92 1361 241 1444 8Neque
273 1362 357 1425 1111111
389 1365 445 1425 aut
472 1362 658 1445 peregrinae
690 1361 927 1444 superstitionis
958 1361 1139 1424 ministeria

127 1456 183 1516 aut
206 1451 361 1515 obscaena
384 1450 562 1533 petulantia
588 1451 707 1513 mensis
735 1451 889 1533 principis
918 1450 1053 1531 oberrat,
1082 1451 1140 1514 sed

127 1541 265 1625 benigna
288 1540 435 1604 invitatio
460 1543 492 1603 et
513 1538 662 1603 liberales
685 1540 747 1602 ioci
770 1543 802 1603 et
821 1539 1000 1603 studiorum
1023 1538 1138 1603 honor.

127 1628 205 1693 Inde
231 1629 292 1692 tibi
319 1649 433 1712 parcus
462 1633 494 1691 11
520 1627 626 1691 brevis
654 1629 1183 1711 111111111111111111111111111111111

128 1718 230 1783 nostri
253 1722 379 1801 tempus
403 1717 579 1802 angustius,
603 1739 699 1800 quam
728 1718 815 1799 quod
843 1718 911 1781 11111
938 1717 1032 1781 nobis
1059 1719 1141 1801 agis.

76 1806 123 1872 50
196 1805 267 1889 Sed,
291 1829 362 1870 111111
381 1807 476 1870 rebus
495 1806 559 1869 tuis
578 1810 615 1870 ut
633 1807 805 1889 participes
823 1806 1033 1889 perfruamur,
1056 1827 1140 1888 quae

127 1895 282 1960 habemus
305 1897 376 1978 ipsi,
400 1918 496 1979 quam
519 1896 659 1978 propria,
682 1917 779 1978 quam
801 1899 912 1960 nostra
939 1897 1026 1959 sunt!
1062 1892 1141 1960 Non

93 2029 94 2032 κ
128 1985 213 2048 enim
237 1983 412 2048 exturbatis
435 1984 596 2067 prioribus
620 1984 758 2048 dominis
777 2007 871 2049 omne
890 1989 1049 2069 stagnum,
1073 2006 1142 2048 om-

128 2096 201 2137 nem
224 2074 338 2155 lacum,
361 2095 489 2137 omnem
513 2075 609 2137 etiam
629 2075 746 2138 saltum
764 2075 920 2137 immensa
938 2074 1141 2157 possessione
1156 2097 1183 2137 11

129 2163 350 2242 circumvenis,
378 2183 436 2226 nec
463 2164 558 2226 unius
587 2164 688 2227 oculis
716 2163 862 2245 flumina,
889 2163 1011 2245 fontes,
1038 2164 1141 2226 maria

94 2269 109 2316 1
129 2251 318 2314 deserviunt.
341 2249 410 2333 Est,
429 2251 515 2333 quod
534 2250 649 2316 Caesar
666 2274 733 2316 non
752 2274 845 2315 suum
863 2251 979 2334 videat,
996 2250 1140 2316 tandem-

130 2363 191 2424 que
215 2340 385 2423 imperium
408 2341 561 2424 principis
585 2363 681 2423 quam
705 2342 934 2424 patrimonium
958 2341 1060 2404 maius
1082 2345 1140 2404 est.

128 2428 232 2493 Multa
268 2429 353 2492 enim
381 2451 420 2492 ex
447 2431 640 2512 patrimonio
667 2432 765 2494 refert
792 2432 826 2494 in
852 2430 1031 2512 imperium,
1057 2451 1140 2512 quae

129 2519 251 2602 priores
278 2518 438 2601 principes
467 2519 675 2602 occupabant,
701 2542 768 2583 non
794 2523 830 2583 ut
858 2520 920 2601 ipsi
949 2519 1141 2600 fruerentur,
1155 2544 1182 2584 11

96 2608 186 2671 31111
208 2630 248 2671 ne
272 2607 343 2689 quis
366 2608 456 2670 alius.
492 2607 581 2693 Ergo
603 2609 637 2671 in
654 2609 791 2693 vestigia
810 2609 962 2690 sedesque
980 2608 1140 2672 nobilium

129 2697 316 2779 immigrant
339 2717 431 2778 pares
455 2697 587 2779 domini,
609 2719 668 2761 1111
691 2699 756 2760 iam
785 2698 1033 2761 clarissimorum
1056 2697 1141 2760 viro

129 2807 201 2848 rum
229 2786 428 2867 receptacula
454 2786 636 2850 habitatore
665 2808 754 2850 servo
785 2790 932 2851 teruntur
961 2790 1017 2859 aut
1044 2784 1141 2850 foeda

95 2889 111 2936 4
130 2873 279 2937 vastitate
292 2875 515 2956 procumbunt.
551 2873 656 2938 Datur
668 2876 788 2940 intueri
801 2875 1031 2958 pulcherrimas
1046 2875 1140 2938 aedes

130 2961 254 3025 deterso
281 2964 345 3026 situ
375 2968 484 3027 auctas
514 2984 551 3027 ac
579 2965 731 3050 vigentes.
769 2964 923 3049 Magnum
952 2964 1016 3028 hoc
1044 2968 1138 3028 tuum
1155 2989 1182 3029 11

129 3072 195 3115 non
218 3069 292 3134 erga
314 3051 460 3116 homines
483 3053 588 3134 modo,
612 3055 667 3118 sed
690 3075 766 3138 erga
787 3057 872 3117 tecta
891 3055 959 3136 ipsa
978 3053 1140 3135 meritum,

130 3141 240 3204 sistere
254 3140 371 3224 ruinas,
385 3141 590 3205 solitudinem
605 3143 731 3225 pellere,
746 3143 889 3226 ingentia
905 3164 1003 3225 opera
1018 3142 1139 3223 eodem,

130 3250 194 3312 quo
217 3232 362 3292 extructa
384 3234 468 3312 sunt,
490 3232 597 3294 animo
621 3232 662 3295 ab
686 3232 817 3295 interitu
840 3231 1010 3295 vindicare.
1046 3230 1141 3294 Muta

130 3318 258 3399 quidem
282 3319 337 3381 illa
360 3316 391 3382 et
414 3320 520 3382 anima
543 3321 684 3384 carentia
707 3321 825 3384 sentire
843 3324 952 3384 tamen
975 3325 1007 3385 et
1024 3321 1140 3385 laetari
1178 3324 1181 3329 ‘

130 3407 284 3491 ridentur,
314 3407 400 3491 quod
426 3408 559 3492 niteant,
586 3408 672 3491 quod
698 3409 950 3492 frequententur,
973 3409 1060 3492 quod
1083 3410 1140 3474 ali-
1155 3436 1180 3475 11

70 3495 246 3573 equando
274 3497 447 3584 coeperint
477 3521 548 3567 esse
579 3497 706 3565 1111111111
735 3499 875 3564 scientis.
910 3497 1141 3563 annmfertur

87 3581 158 3645 Sub
183 3590 332 3658 nomine
362 3589 520 3661 Caesaris
550 3592 673 3660 tabula
701 3590 823 3674 ingens
850 3607 962 3649 rerum
987 3584 1164 3663 uenalium,
