2506 3862
157 197 222 263 286
473 196 503 253 O.
521 197 620 252 PthI
636 197 683 252 ET
702 195 854 250 TRAIANI

158 383 229 425 rum
245 361 336 445 dixit,
351 366 384 425 at
393 360 573 445 Eumolpus
583 361 749 445 respondit
758 361 999 443 complexurum
1011 382 1043 424 se
1053 361 1180 445 libello,

123 469 240 534 cquae
263 451 480 534 reipublicae
503 453 634 534 peteret,
665 453 818 531 ceterum,
847 448 934 532 quod
961 449 1001 513 ad
1029 452 1178 533 sepultos

156 540 344 624 pertineret,
375 561 442 604 non
464 544 682 604 accusatorem
706 561 752 622 se,
785 539 840 602 sed
867 538 1057 603 advocatum
1080 537 1177 603 Flavi

156 627 327 713 Archippi,
358 630 448 694 cuius
476 629 625 693 mandata
648 627 840 712 pertulisset.
886 625 1084 712 Archippus,
1118 630 1177 712 qui

156 717 318 801 Eumolpo
342 719 426 782 sicut
452 716 606 782 Prusiade
634 717 821 800 adsistebat,
854 715 936 780 dixit
964 739 997 781 se
1024 717 1175 782 libellum
1203 744 1215 785 a

157 807 313 871 daturum.
346 804 396 870 lta
418 827 478 871 nec
491 807 671 890 Eumolpus
694 827 753 870 nec
767 803 950 889 Archippus
974 828 1173 890 quamquam

155 897 303 980 plurimis
332 896 443 960 diebus
474 897 649 979 expectatis
677 895 781 959 adhuc
808 895 889 958 mihi
920 894 1047 959 libellos
1079 896 1175 960 dede·

122 989 245 1069 trunt3
267 984 355 1049 Dion
378 985 474 1068 dedit,
497 1007 592 1069 quem
615 984 693 1048 huic
716 985 871 1068 epistulae
894 984 993 1048 iunxi.
1039 983 1113 1068 lpse
1137 985 1174 1048 in

155 1097 189 1138 re
225 1074 385 1157 praesenti
420 1073 469 1137 fui
506 1077 538 1138 11
573 1075 640 1139 vidi
676 1078 765 1138 tuam
798 1095 926 1157 quoque
959 1077 1099 1137 statuam
1137 1075 1174 1136 in

156 1162 352 1227 bibliotheca
374 1163 523 1247 positam,
546 1162 580 1226 id
602 1167 720 1247 autem,
742 1164 776 1226 in
799 1184 862 1246 quo
882 1162 1032 1226 dicuntur
1051 1163 1171 1246 sepulti
1187 1191 1211 1230 ro

154 1251 241 1316 filius
265 1255 297 1315 et
319 1273 401 1315 uxor
423 1251 552 1336 Dionis,
575 1252 610 1316 in
632 1274 705 1316 area
735 1252 941 1335 collocatum,
965 1273 1046 1334 quae
1069 1253 1172 1335 porti-

120 1361 135 1408 8
156 1340 246 1405 cibus
265 1340 448 1405 includitur.
476 1340 531 1425 Te,
555 1340 692 1424 domine,
714 1362 804 1427 rogo,
826 1343 864 1404 ut
877 1362 929 1404 me
947 1339 982 1403 in
999 1339 1062 1404 hoc
1080 1363 1172 1424 prae-

155 1430 247 1513 cipue
270 1451 386 1514 genere
414 1430 608 1516 cognitionis
630 1452 740 1516 regere
768 1429 922 1514 digneris,
950 1449 1023 1493 cum
1047 1431 1171 1514 alioqui

154 1540 272 1604 magna
295 1519 338 1583 sit
360 1519 549 1602 expectatiO,
572 1522 609 1582 ut
631 1540 760 1583 necesse
783 1518 888 1582 estin
911 1540 948 1582 ea
970 1541 1013 1602 re,
1037 1541 1119 1602 quae
1137 1523 1171 1583 et

154 1609 188 1672 111
212 1607 394 1672 confessum
416 1608 505 1673 venit
528 1611 560 1672 et
583 1609 737 1692 exemplis
766 1607 954 1672 defenditur.
1185 1635 1211 1676 rr

482 1772 628 1832 cxxxu.
653 1768 841 1852 [cxxxvi]

501 1874 673 1921 TRAIANUS
697 1874 827 1922 PLINIO.

120 1985 134 2031 1
220 1963 362 2029 Potuisti
385 1984 451 2027 non
473 1964 618 2047 haerere,
646 1965 690 2028 mi
715 1962 859 2029 Secunde
883 1965 1061 2047 carissime,
1084 1965 1169 2029 circa

156 2053 196 2137 id,
219 2054 257 2117 de
281 2075 345 2137 quo
368 2075 420 2116 me
443 2053 674 2117 consulendum
698 2053 902 2136 existimasti,
928 2073 1000 2116 curn
1023 2054 1169 2136 proposi·

154 2146 223 2206 tum
253 2165 361 2207 meum
392 2141 512 2225 optime
541 2163 651 2207 nosses
680 2163 747 2207 non
776 2165 815 2206 ex
842 2146 931 2205 metu
960 2162 1019 2205 nec
1045 2146 1167 2207 terrore
1182 2170 1209 2210 ao

153 2231 321 2296 hominum
341 2235 397 2294 aut
416 2231 603 2296 criminibus
621 2232 799 2296 maiestatis
813 2231 1024 2295 reverentiam
1042 2233 1167 2295 nomini

118 2340 223 2388 amec
244 2319 440 2403 adquirendi.
474 2317 600 2384 Omissa
619 2342 695 2407 ergo
715 2343 751 2384 ea
771 2320 966 2403 quaestione,
985 2342 1080 2403 quarn
1099 2343 1166 2384 non

153 2409 364 2491 admitterem,
388 2409 484 2473 etiam
505 2409 531 2472 si
551 2409 705 2493 exemplis
724 2408 937 2492 adiuvaretur,
959 2409 1041 2472 ratio
1056 2411 1166 2492 potius

153 2500 258 2583 operis
273 2498 378 2562 effecti
392 2498 451 2562 sub
472 2519 546 2562 eura
561 2497 645 2582 [tua]
661 2496 828 2562 Cocceiani
842 2496 956 2562 Dionis
976 2499 1166 2583 excutiatur,

153 2609 225 2652 cum
249 2591 281 2652 et
303 2587 427 2651 utilitas
451 2587 590 2652 civitatis
614 2587 735 2673 exigat,
767 2607 827 2652 nec
853 2591 910 2651 aut
931 2591 1056 2651 recuset
1079 2586 1166 2651 Dion
1180 2613 1207 2654 rr

152 2682 207 2741 aut
231 2676 345 2741 debeat
367 2697 520 2741 recusare.

149 2820 362 2831 ——--—-—-

224 2911 237 2957 1
267 2907 298 2958 at
316 2905 415 2976 Staaqt
429 2910 494 2970 679,
518 2906 547 2958 ct
565 2904 655 2970 KH,
680 2905 822 2975 [11]Κ.Ι.
913 2908 929 2955 4
956 2904 1004 2972 qui
1025 2903 1163 2973 Eumolpo

152 2976 290 3042 Beroatd,
309 2976 400 3043 KH,
419 2976 468 3044 qui
486 2974 639 3044 Eumolpus
659 2975 727 3028 sinit
740 2977 781 3044 A,
804 2975 849 3028 cui
868 2974 1022 3044 Eumolpus
1041 2995 1072 3041 a,
1092 2976 1162 3030 KJ.

152 3052 167 3099 6
186 3047 225 3098 At
238 3062 289 3099 uec
303 3045 382 3099 Eum.
397 3047 532 3115 Schaefea
545 3046 659 3100 interim
673 3047 742 3101 coci.
759 3047 796 3101 K.
807 3047 921 3116 probab.
937 3078 969 3087 —
990 3063 1163 3116 quamquam

152 3117 238 3184 KH,
257 3134 340 3184 quam
360 3119 396 3183 A,
415 3120 487 3189 culp.
574 3123 606 3170 15
632 3133 684 3171 nec
703 3117 819 3187 exempl.
841 3120 966 3174 Momma.
1049 3123 1082 3170 22
1112 3119 1162 3172 ad-

151 3187 280 3255 quirendi
300 3190 397 3243 Mada.
416 3189 612 3256 1111111217,
631 3188 742 3256 adquiri
761 3191 799 3255 A,
817 3190 886 3256 K.I,
907 3189 1054 3258 adquirere
1074 3190 1161 3243 ΚΠ.

151 3265 184 3312 13
203 3259 297 3329 potius
316 3261 350 3314 P.
369 3261 401 3314 de
425 3260 586 3327 Winterfeld
603 3260 690 3315 uelud.
710 3261 769 3316 erit.
789 3265 859 3315 1895
873 3265 958 3330 1133,
981 3261 1068 3313 totius
1087 3262 1159 3330 culp.

151 3337 184 3384 25
208 3331 267 3385 eius
290 3330 373 3384 finem
396 3330 455 3384 litis
478 3331 550 3402 exig.
573 3347 626 3385 nec
649 3333 699 3384 aut
720 3347 774 3386 rec.
798 3330 831 3384 D.
856 3333 906 3385 aut
929 3331 991 3385 deb.
1016 3334 1162 3385 aecusator

150 3404 184 3471 (a.
203 3401 366 3471 Eumolpus)
385 3418 439 3456 rec.
458 3404 492 3457 P.
511 3403 544 3457 de
567 3402 694 3471 Writers.
709 3406 830 3472 p.32oq.
