2506 3862
435 220 694 276 amsrummu
713 226 808 276 e-rs.
1064 219 1129 286 257

114 410 189 452 men
211 387 246 451 in
269 386 332 451 hoc
356 407 483 470 quoque
511 385 686 468 indulsisti,
716 385 871 449 admoneo
898 385 995 449 simul
1018 389 1050 449 et
1071 386 1131 449 im-

114 498 212 560 pense
227 497 316 561 roge,
330 479 366 539 ut
376 473 511 540 Accium
523 472 636 538 Suram
651 477 800 558 praetura
815 495 967 538 exornare
982 473 1130 560 digneris,

116 588 189 631 cum
211 567 301 629 locus
324 567 424 629 vacet.
456 562 508 627 Ad
527 585 623 647 quem
643 585 732 646 spem
756 562 875 646 alioqui
896 562 1130 646 quietissimum

115 656 264 719 hortatur
287 657 319 717 et
341 653 498 718 natalium
522 653 672 736 splendor
702 655 735 716 et
758 674 883 716 summa
905 652 1073 738 integritas
1096 653 1131 717 in

89 747 305 897 agaupertate
339 746 372 844 et
402 745 476 895 agite
509 742 617 843 omnia
648 742 784 895 fegicitss
817 744 1013 894 terdnporum,
1031 763 1131 894 ,Ἥ

108 855 243 1008 itta
265 852 806 1004 scutetum
839 853 857 896 ³
905 853 1000 895 ΠΜ
1028 852 1063 894 m

515 1084 597 1144 xm.
621 1079 733 1164 [vm]

319 1187 347 1235 0.
370 1186 509 1234 PLINIUS
534 1184 686 1232 TRAIANO
710 1185 936 1234 IMPERATORI.

77 1305 102 1344 ιο
184 1275 264 1342 Cum
297 1277 412 1360 sciam,
445 1276 587 1360 domine,
618 1276 659 1339 ad
686 1275 908 1340 testimonium
939 1276 1131 1360 laudemque

117 1388 243 1430 morum
266 1387 411 1431 meorum
434 1365 593 1448 pertinere
621 1368 688 1429 tam
718 1364 796 1429 boni
825 1365 981 1448 principis
1011 1366 1130 1430 iudicio

116 1456 272 1539 exornari,
295 1477 389 1541 roge,
421 1455 578 1540 dignitati,
601 1455 642 1518 ad
665 1477 761 1538 quam
784 1475 836 1518 me
859 1455 1006 1537 provexit
1028 1455 1132 1520 indul-

117 1545 226 1631 gentie
255 1548 325 1628 tua,
357 1545 408 1608 vel
438 1547 630 1630 auguratum
662 1545 714 1607 vel
746 1543 1024 1627 septemviratum,
1057 1545 1132 1627 quia

117 1638 243 1718 vacant,
267 1633 390 1698 adicere
414 1633 564 1718 digneris,
586 1636 622 1696 ut
640 1633 709 1698 iure
728 1632 896 1697 sacerdotii
914 1632 1038 1716 precari
1057 1633 1131 1697 deos

76 1751 102 1791 ιε
116 1745 175 1806 pro
190 1728 223 1787 te
237 1722 366 1807 publice
379 1723 511 1806 possim,
526 1743 606 1806 quos
625 1743 711 1786 nunc
729 1742 843 1806 precor
861 1723 980 1805 pietate
998 1721 1131 1806 privata.

535 1886 613 1945 XIV.
638 1879 718 1966 [Du]

316 1989 344 2037 e.
368 1986 507 2037 PLINIUS
532 1986 685 2034 TRAIANO
709 1986 935 2035 mansuem.

183 2078 347 2144 Victoriae
370 2083 457 2160 tuae,
490 2078 611 2161 optime
634 2077 825 2161 imperator,
856 2077 1030 2162 maximae,
1062 2078 1132 2161 pul-

117 2169 303 2252 cherrimae,
325 2167 567 2251 antiquissimae
591 2169 623 2230 et
640 2169 697 2231 tuo
715 2166 846 2231 nomine
869 2167 966 2231 atrei
984 2167 1132 2251 publicae

76 2284 103 2324 so
117 2258 262 2344 gratulor
284 2258 423 2341 deosque
446 2256 644 2321 immortales
667 2277 796 2340 precor,
819 2259 855 2320 ut
879 2277 989 2321 omnes
1013 2257 1133 2341 cogita-

116 2347 221 2411 tiones
244 2351 316 2411 tuas
344 2350 411 2410 tam
433 2347 536 2410 laetus
561 2349 713 2429 sequatur
735 2349 876 2428 eventus,
899 2350 935 2409 ut
958 2345 1131 2410 virtutibus

118 2437 217 2500 tantis
242 2436 345 2522 gloria
367 2435 495 2517 imperii
519 2439 550 2499 et
573 2437 710 2499 novetur
733 2437 764 2498 et
788 2437 949 2520 augeatur.

514 2598 577 2658 XV.
601 2592 736 2678 [xxvi]

317 2700 345 2748 ο.
368 2700 509 2748 PLINIUS
535 2699 688 2747 TRAIANO
711 2698 936 2747 Iuruanroal.

77 2817 104 2856 25
186 2787 268 2865 Quia
295 2790 435 2873 confido,
468 2789 609 2873 domine,
641 2789 682 2854 ad
709 2810 818 2854 curam
844 2793 934 2853 tuam
963 2788 1132 2873 pertinere,

117 2879 232 2943 nuntio
256 2879 317 2943 tibi
339 2901 391 2943 me
405 2878 572 2962 Ephesum
596 2900 669 2943 cum
693 2878 842 2943 omnibus
861 2878 940 2942 meis
958 2873 1041 2961 ὑπὲρ
1055 2882 1132 2943 Μα-

118 2967 197 3033 λέαν
232 2968 399 3053 navigasse
437 2967 582 3051 quamvis
620 2967 787 3031 contrariis
823 2968 926 3031 ventis
962 2971 1131 3031 retentum.

118 3056 214 3122 Nunc
237 3058 361 3122 destino
384 3057 503 3140 partim
527 3056 638 3120 orariis
661 3055 812 3139 navibus,
834 3057 953 3139 partim
976 3056 1131 3121 vehiculis

118 3148 317 3229 provinciam
340 3151 456 3230 petere.
493 3144 578 3209 Nam
602 3146 685 3210 sicut
703 3145 811 3209 itineri
829 3165 941 3231 graves
962 3147 1068 3210 aestus
1087 3145 1132 3209 ita

78 3262 106 3302 eo
121 3237 290 3302 continuae
312 3235 512 3321 navigationi
535 3236 651 3299 etesiae
673 3235 879 3299 reluctantur.

190 3427 341 3483 uAttium
360 3428 429 3483 Κ.Ι.
516 3433 549 3482 27
576 3428 724 3482 retentum.
760 3425 843 3481 Nunc
869 3426 910 3481 Η.
926 3426 1035 3492 stam,
1051 3425 1153 3482 UA*

120 3497 433 3570 Quamvis-retentus,
453 3516 529 3556 nunc
547 3518 575 3570 a,
591 3499 663 3557 Κ.Ι.

149 3701 227 3741 Pam
239 3702 395 3749 litaturum,
1012 3676 1053 3723 Ἢ
