2506 3862
413 211 671 266 EPISTULARUM
688 212 727 266 ΙΠ
746 218 823 267 2-4.
1081 212 1124 277 59

109 375 236 440 modica
259 375 311 439 vel
334 376 431 440 etiam
454 375 543 440 nulla
562 376 704 441 materia.
735 375 805 440 Iam
824 376 930 441 studia
949 376 1016 440 eius
1036 381 1125 441 extra

107 465 208 529 limen
226 465 417 566 proferenda
436 469 519 548 sunt,
496 465 601 529 tiam
621 465 925 548 circumspiciendus
943 466 1016 529 rhet
1002 470 1054 529 tor
1066 466 1126 530 La·

107 554 205 637 tinus,
229 554 320 618 cuius
339 553 467 618 scholae
491 555 652 638 severitas,
675 554 819 639 pudor,
811 554 976 638 inprimis
996 556 1125 620 castitas

108 647 234 709 constet
220 641 390 707 tAdest
422 642 507 708 enim
539 642 735 708 adulescenti
709 648 877 708 tnostro
906 665 979 709 oum
1012 645 1161 709 ceteris4

81 736 241 802 suaturae
253 732 568 834 fortunaequet
512 732 568 797 dot
569 733 641 797 ibus
670 734 787 797 eximia
815 732 957 816 corporis
985 732 1126 816 pulchri

107 821 197 905 tudo,
220 821 273 887 cui
295 820 330 885 in
352 822 415 887 hoc
437 822 638 887 lubricot
586 827 638 887 aet
639 827 672 887 at
673 823 700 886 is
723 844 790 887 non
807 826 996 907 praeceptor
1018 822 1126 906 modo,

108 911 164 976 sed
198 915 305 976 custos
338 912 436 975 etiam
467 915 638 994 rectorque
671 912 869 995 quaerendus
903 915 959 976 est.
1005 909 1160 977 Videor5

107 1021 185 1086 ergo
205 1000 422 1064 demonstrare
440 1000 502 1064 tibi
520 1021 613 1084 posse
631 997 752 1064 Iulium
772 1000 966 1066 Genitorem.
989 998 1126 1067 Amatur

107 1111 127 1153 a
149 1111 216 1174 me3
243 1089 362 1153 iudicio
386 1093 495 1153 tamen
517 1110 589 1153 meo
616 1111 684 1154 non
706 1090 814 1155 obstat
837 1090 952 1156 caritas
975 1089 1126 1174 hominis,

65 1200 194 1261 requae
217 1200 256 1241 ex
278 1178 397 1242 iudicio
420 1182 496 1242 nata
519 1182 575 1244 est.
621 1177 682 1242 Vir
709 1183 757 1243 est
785 1179 971 1244 emendatus
1001 1183 1033 1244 et
1056 1201 1126 1265 gra-

107 1267 167 1350 vis,
189 1266 286 1351 paulo
310 1268 408 1331 etiam
430 1267 591 1332 horridior
613 1272 645 1331 et
669 1267 778 1332 durior
800 1272 837 1333 ut
859 1269 895 1333 in
916 1267 977 1333 hac
995 1267 1126 1334 licentia

107 1361 300 1439 temporum.
324 1355 486 1432 Quantum
506 1357 691 1440 eloquentia
705 1357 819 1443 valeat,
836 1357 984 1441 pluribus
998 1358 1125 1423 credere
1145 1374 1161 1422 6

106 1450 214 1529 potes3
241 1468 316 1509 nam
340 1445 466 1511 dicendi
488 1445 624 1511 facultas
652 1450 762 1531 aperta
793 1450 826 1511 et
848 1447 993 1530 exposita
1016 1447 1125 1512 stetim

108 1535 259 1600 cernitur.
284 1533 361 1599 Vita
379 1535 549 1599 hominum
568 1537 651 1599 altos
669 1557 812 1601 recessus
830 1557 1029 1621 magnasque
1047 1538 1127 1601 late·

66 1653 93 1693 ιι
108 1625 183 1689 bras
212 1623 323 1708 habet,
347 1624 437 1689 cuius
460 1645 519 1708 pro
544 1622 695 1689 Genitore
718 1647 770 1688 me
794 1646 980 1708 sponsorem
1008 1625 1125 1709 accipe.

108 1710 202 1777 Nihil
229 1735 269 1776 ex
290 1712 354 1778 hoc
376 1713 445 1777 viro
468 1713 555 1777 filius
582 1718 658 1777 tuus
687 1713 795 1778 audiet
821 1713 885 1777 nisi
911 1713 1127 1797 profuturum,

107 1801 192 1866 nihil
224 1801 337 1886 discet,
370 1802 456 1886 quod
482 1802 620 1866 nescisse
643 1803 760 1867 rectius
787 1802 898 1885 fuerit,
929 1823 989 1867 uec
1020 1803 1126 1866 minus

109 1912 203 1974 saepe
226 1891 266 1954 ab
291 1892 349 1955 illo
373 1914 470 1975 quam
498 1895 571 1955 ate
601 1912 716 1974 meque
743 1890 982 1974 admonebitur,
1010 1891 1160 1974 quibust

107 1979 304 2065 imaginibus
329 1984 486 2063 oneretur,
509 2001 589 2062 quae
612 1980 744 2044 uomina
767 1985 799 2045 et
822 1985 941 2064 quanta
961 1981 1125 2045 sustineat.

66 2097 94 2138 ao
108 2068 249 2132 Proinde
265 2069 458 2133 -faventibus
486 2069 535 2133 dis
562 2069 652 2133 trade
680 2092 753 2134 eum
776 2071 989 2154 praeceptori,
1019 2092 1125 2154 aquo

109 2179 215 2222 mores
233 2158 384 2241 primum,
402 2180 479 2222 mox
498 2159 715 2242 eloquentiam
735 2159 844 2242 discat,
860 2181 940 2242 quae
954 2159 1038 2223 male
1058 2160 1126 2224 siue

109 2247 254 2311 moribus
279 2247 421 2312 discitur.
467 2246 556 2311 Vale.

592 2412 644 2470 IV.

271 2513 299 2561 c.
321 2512 459 2560 ruimus
484 2513 646 2560 cursuro
670 2512 827 2560 nucamo
849 2512 915 2560 suo
939 2512 965 2560 s.

67 2629 94 2670 ιι
179 2600 330 2677 Quamvis
350 2607 382 2667 et
400 2603 504 2684 amici,
527 2624 607 2685 quos
625 2606 774 2686 praesent
775 2624 808 2667 es
826 2602 1045 2686 habebam,et
1013 2624 1126 2667 eser·
1146 2618 1160 2665 1

109 2712 222 2755 mones
244 2691 413 2756 hominum
436 2691 502 2756 fact
488 2695 558 2755 tum
581 2714 688 2756 meum
713 2692 926 2776 conprobasse
949 2693 1078 2756 videant
1064 2697 1126 2774 tur,

109 2780 220 2865 magni
250 2785 358 2845 atmen
387 2781 521 2844 aestimo
553 2803 633 2846 serre
640 2831 649 2864 ,
679 2780 756 2882 quid
786 2781 904 2845 sentias
933 2785 979 2845 tu
1030 2779 1160 2864 Nam,2

110 2869 259 2934 cuiusm
259 2873 350 2955 tegra
376 2892 411 2934 re
434 2870 603 2935 consilium
634 2871 800 2953 exquirere
828 2873 1002 2973 optassem,
1030 2870 1126 2933 huius

110 2958 208 3022 etiam
235 2964 364 3042 peracta
331 2959 545 3023 tiudicium
573 2980 667 3022 nosse
694 2960 774 3023 mire
798 2961 998 3061 concupisco.
1045 2958 1126 3023 Cum

68 3074 95 3114 eo
109 3048 277 3131 publicum
313 3069 392 3131 opus
425 3070 496 3112 mea
531 3047 667 3131 pecunia
698 3048 829 3113 inchoat
815 3053 973 3113 tmurus
1005 3047 1126 3113 Tuscos

111 3137 362 3201 excucurrissem
385 3141 517 3220 accepto
545 3140 582 3200 ut
604 3137 783 3219 praefectus
811 3138 912 3201 aerari
936 3141 1125 3218 commeatu,

109 3225 209 3310 legati
227 3225 410 3308 provinciae
425 3225 573 3290 Baeticae
593 3226 736 3309 questuri
751 3225 789 3289 de
802 3225 1032 3309 proconsulatu
1052 3224 1127 3289 an-

110 3315 165 3380 oili
185 3313 317 3379 Classici
335 3314 525 3380 advocatum
544 3336 596 3378 me
615 3336 633 3377 a
653 3318 764 3378 senatu
782 3316 952 3398 petierunt.
976 3312 1125 3400 Collegae
1145 3329 1161 3376 3

183 3529 217 3575 20
235 3524 332 3589 disB,
347 3524 385 3578 K
392 3525 434 3590 ΙΙ,
458 3524 513 3581 diis
535 3529 574 3586 M
581 3527 726 3602 VFpro
748 3528 822 3586 K..I
925 3531 969 3581 ‘il
985 3515 1164 3578 mmm

99 3609 135 3644 err
150 3593 225 3646 Br'ee
246 3594 310 3648 adai
330 3596 433 3653 Haoet
