2506 3862
422 216 681 272 EPISTULARUM
698 221 812 272 40-44.
1062 214 1128 280 269

525 385 617 445 xnn.
641 379 719 465 [nn]

458 486 630 534 TRAIANUS
654 485 783 534 PL1N10.

180 578 292 643 Potest
305 599 365 642 nos
379 577 552 642 sollicitare
568 577 658 641 laous
677 577 746 660 iste,
764 579 801 640 ut
819 576 1019 640 committere
1037 575 1129 639 ilium

113 669 195 733 meri
222 668 372 751 velimus,
405 666 460 731 sed
487 666 582 750 plane
610 665 842 749 explorandum
872 668 921 729 est
953 664 1129 750 diligenter,

88 780 168 841 sne,
197 758 226 821 si
257 756 407 821 dimissus
439 757 474 820 in
505 777 592 820 mere
624 755 734 839 fuerit,
765 758 854 819 totus
889 752 1012 837 effluat,
1046 757 1130 817 oerte

115 850 271 930 quantum
304 867 459 929 aquarum
491 848 523 909 et
552 845 637 909 unde
667 845 811 929 aooipiat.
856 843 981 907 Poteris
1011 864 1030 906 e
1060 839 1130 906 Gal-

114 937 229 1018 pumio
253 934 361 1000 Mauro
385 938 493 1019 petere
515 934 717 1018 libratorem,
748 938 780 998 et
803 954 863 1019 ego
891 933 967 997 hino
990 932 1130 1016 aliquem

114 1024 175 1089 tibi
197 1025 337 1108 peritum
360 1024 427 1088 eius
451 1023 539 1088 modi
563 1044 696 1106 operum
719 1024 854 1087 mittam.

510 1205 617 1267 XLIII.
641 1199 736 1285 [LE]

77 1321 103 1362 ro
317 1307 344 1355 c.
368 1305 507 1354 PLINIUS
533 1306 686 1354 nomino
711 1306 935 1354 menanuoni.

182 1395 371 1481 Requirenti
388 1396 469 1460 mihi
482 1395 712 1480 Byzantiorum
730 1396 943 1479 reipublicae
961 1396 1132 1479 impendia,
1151 1410 1165 1458 1

116 1509 197 1571 quae
220 1487 361 1551 maxima
382 1485 468 1569 feeit,
491 1486 667 1550 indioatum
691 1489 748 1569 est,
772 1485 909 1569 domine,
930 1486 1073 1571 legatum
1092 1484 1133 1550 ad

115 1581 147 1640 te
172 1576 375 1640 salutandum
398 1577 490 1639 annis
519 1576 669 1639 omnibus
701 1597 772 1640 oum
796 1574 1014 1658 psephismate
1036 1575 1132 1658 mitti,

116 1667 209 1748 eique
240 1665 308 1729 dari
336 1686 542 1728 nummorum
573 1665 719 1728 duodena
750 1665 848 1728 milia.
902 1663 1027 1728 Memor
1056 1679 1167 1748 ergon

76 1783 102 1824 rs
116 1755 275 1837 propositi
297 1754 346 1818 tui
372 1754 516 1839 legatum
547 1753 675 1836 quidem
702 1752 918 1835 retinendum,
947 1751 1133 1836 psephisma

117 1847 224 1907 autern
244 1842 436 1907 mittendum
454 1843 574 1926 putavi,
588 1845 625 1906 ut
640 1843 736 1906 simul
753 1845 784 1906 et
800 1845 947 1925 sumptus
965 1842 1132 1925 levaretur,

117 1936 149 1998 et
176 1933 363 2016 impleretur
390 1932 557 2014 publicum
586 1932 738 1996 officium.
784 1930 899 1995 Eidem
930 1931 1053 1995 civitati
1075 1931 1168 1994 im·3

117 2024 229 2104 putata
260 2024 334 2085 sunt
364 2025 454 2084 terna
483 2021 585 2104 milia,
618 2042 699 2104 quae
727 2021 838 2085 viatici
866 2021 996 2084 nomine
1029 2041 1134 2084 annua

118 2111 276 2175 dabantur
304 2111 411 2196 legato
443 2111 531 2174 eunti
546 2123 548 2127 ’
562 2109 602 2173 ad
629 2131 715 2193 eum,
748 2111 804 2193 qui
826 2108 967 2174 Moesiae
998 2113 1133 2192 praeest,

72 2228 104 2268 ao
117 2200 245 2284 publice
275 2199 487 2263 salutandum.
532 2197 622 2264 Haeo
651 2220 710 2284 ego
741 2200 775 2262 in
804 2203 970 2281 posterum
1001 2199 1169 2262 circum-4

119 2289 251 2354 uidenda
270 2289 459 2352 existimavi.
491 2286 545 2372 Te,
569 2288 707 2373 domine,
729 2309 819 2374 rogo,
841 2291 886 2371 ut,
910 2287 988 2371 quid
1006 2288 1134 2371 sentias,

117 2378 320 2443 rescribendo
340 2382 395 2441 aut
414 2378 584 2443 eonsilium
598 2400 706 2442 meum
722 2377 910 2441 confirmare
924 2380 980 2440 eut
995 2397 1133 2442 errorem

119 2467 286 2531 emendare
310 2466 457 2552 digneris.

509 2630 613 2690 miv.
638 2626 747 2711 [nm]

79 2743 105 2783 2⁵
462 2732 633 2781 TRAIANUS
657 2732 787 2780 PLINIO.

188 2820 317 2905 Optime
333 2822 448 2905 fecisti,
472 2822 615 2886 Secunde
635 2824 805 2906 oarimime,
829 2823 974 2887 duodena
996 2823 1058 2887 ista
1072 2820 1135 2906 By-

120 2913 248 2995 zantiis,
276 2933 357 2995 quae
381 2911 420 2975 ad
444 2911 647 2976 salutandum
670 2935 722 2977 me
751 2913 786 2976 in
807 2913 950 2998 legatum
973 2912 1135 2995 impende-

121 3003 250 3087 bantur,
282 3000 483 3065 remittendo.
528 2999 687 3085 Perpetuo
799 3001 850 3067 his
883 3001 1042 3086 partibus,
1075 3001 1135 3065 etsi

121 3092 226 3155 solum
248 3090 435 3173 psephisma
457 3111 514 3172 per
536 3093 568 3154 te
591 3090 726 3155 missum
748 3090 853 3155 fuerit.
898 3089 1048 3176 Ignosset
1070 3090 1134 3154 iilis

81 3205 107 3245 so
122 3185 153 3244 et
184 3178 324 3245 Moesiae
360 3200 501 3262 praeses,
534 3178 561 3243 si
592 3178 699 3243 minus
736 3179 828 3243 iilum
865 3183 1052 3262 sumptuose
1085 3199 1136 3243 oo·

121 3268 248 3333 luerint.

195 3466 210 3513 5
236 3461 347 3515 domiso.
374 3461 481 3527 Oetam,
501 3461 570 3516 KJ.
661 3467 698 3516 m
720 3461 797 3517 taoit
819 3459 1030 3525 Oatan.,K.I.
1115 3458 1158 3500 Ἣ

121 3529 209 3584 seium
229 3546 323 3585 eorum
340 3532 440 3603 pseph.
460 3552 488 3590 a.
